2640 3438
1301 269 1350 309 18

442 399 505 448 VI,
543 399 621 440 198
652 412 684 440 5
716 431 723 439 .
795 399 948 439 ,dicas
978 400 1081 439 haec
1112 401 1273 440 mollius
1304 400 1459 441 Haemo
1493 400 1496 441 1
1531 412 1777 452 quamquam
1807 405 1849 440 et
1878 399 2142 452 Carpophoro

442 455 523 503 VII,
564 456 615 495 14
652 469 683 495 5.
715 487 722 494 .
793 456 986 498 ,16116111
1016 456 1174 506 equites
1204 456 1346 496 Asiani
1493 448 1497 510 1
1531 468 1777 508 quamquam
1807 462 1848 497 et
1878 455 2156 508 Cappadoces.

346 509 528 563 Denique
558 511 667 575 (111011
698 516 760 552 est
791 522 934 552 versus
969 510 1018 551 15
1049 511 1297 563 spondiacus
1318 512 1424 564 apud
1445 511 1675 553 Iuvenalem
1696 512 1794 552 nihil
1814 511 1938 553 habet
1959 511 2209 562 offensionis
2231 513 2307 564 qui
2321 502 2486 577 saepius

144 568 372 617 spondeum
412 568 578 607 admisit
615 569 657 607 in
693 569 836 619 quinto
872 579 1015 607 versus
1052 568 1168 618 pede,
1205 569 1424 619 praecipue
1447 569 1487 608 in
1523 568 1754 609 nominibus
1788 569 1962 620 propriis
1988 573 2028 610 et
2065 568 2277 610 vocabulis
2309 571 2486 620 graecis.

140 622 317 665 Nomina
347 624 511 675 propria
541 625 582 663 in
609 623 688 664 fine
718 635 861 664 versus
892 623 1108 671 collocata,
1140 628 1184 664 ut
1214 624 1426 675 spondiaci
1456 623 1646 668 evadant.
1677 625 1718 664 in
1745 623 1945 665 Iuvenalis
1977 624 2115 664 satiris
2144 625 2404 665 inveniuntur
2422 625 2486 665 his

141 679 264 719 locis:
295 679 323 727 1,
355 679 420 719 52.
452 679 495 728 ΙΙ,
529 679 618 719 145.
650 680 710 728 ΙΙΙ,
747 679 836 719 120.
868 679 932 728 lv,
965 679 1029 719 53.
1061 679 1124 729 VI,
1158 680 1222 719 71.
1253 680 1347 720 296.
1376 680 1470 719 462.
1501 679 1596 720 620.
1626 680 1723 729 VIII,
1756 681 1849 721 218.
1880 680 1928 728 X,
1965 680 2056 721 151.
2085 679 2188 730 XIV,
2220 679 2315 721 329.

1139 788 1297 841 Vlll.
1332 786 1477 841 241.

814 871 971 908 tantum
1004 869 1124 918 igitur
1153 880 1290 908 muros
1321 868 1427 907 intra
1457 873 1554 918 toga
1583 866 1753 908 0011111111
1783 869 1838 908 1111
2372 868 2485 909 240.

815 925 991 964 nominis
1022 936 1072 964 60
1102 924 1219 971 1111111
1251 928 1448 976 quantum
1478 935 1560 964 non
1590 923 1791 973 Leucade,
1822 929 2021 979 quantum

816 979 1055 1020 Thessaliae
1086 980 1240 1031 campis
1271 978 1464 1020 Octavius
1495 979 1663 1019 abstulit
1692 980 1773 1020 udo

818 1036 1013 1075 caedibus
1044 1036 1224 1076 adsiduis
1254 1035 1402 1086 gladio,
1434 1036 1505 1076 sed
1536 1035 1666 1076 Roma
1695 1040 1919 1086 parentem,

816 1091 947 1131 Roma
977 1096 1134 1142 patrem
1165 1092 1322 1142 patriae
1353 1089 1594 1132 Ciceronem
1625 1091 1753 1131 libera
1782 1091 1891 1132 dixit.

342 1147 385 1186 In
416 1159 536 1187 versu
567 1147 645 1186 241
690 1148 730 1186 in
761 1147 904 1187 0011106
934 1147 975 1187 P.
1006 1148 1201 1198 scriptum
1243 1147 1314 1187 fuit
1357 1150 1559 1198 quantam
1597 1147 1643 1187 in
1674 1147 1893 1197 Leucada
1929 1148 2112 1189 eiusdem
2151 1153 2287 1189 autem
2330 1148 2483 1189 codicis

138 1215 285 1243 manus
315 1203 444 1243 altera
475 1214 498 1243 6
529 1203 739 1243 codicibus
770 1204 1022 1255 interpolatis
1053 1205 1207 1254 recepit
1237 1206 1438 1254 quantam
1466 1216 1551 1244 non
1582 1202 1784 1253 Leucade,
1813 1203 1923 1256 quod
1953 1204 1994 1243 in
2014 1207 2127 1244 textu
2147 1209 2368 1255 posuerunt
2390 1216 2483 1244 cum

139 1259 207 1298 alii
238 1259 433 1311 plerique,
464 1264 550 1297 tum
581 1259 743 1298 Iahnius
773 1264 813 1299 et
845 1259 1070 1298 Buecheler
1104 1261 1145 1298 in
1176 1260 1354 1299 editione
1392 1259 1531 1298 altera.
1590 1259 1671 1299 Sed
1701 1259 1807 1298 hanc
1838 1260 2069 1306 lectionem,
2111 1271 2234 1311 quam
2264 1272 2315 1300 ne
2345 1260 2483 1300 Iahnio

139 1315 304 1366 quidem
334 1314 585 1355 satisfecisse
614 1314 871 1355 Hermannus
902 1315 941 1354 in
972 1314 1224 1365 praefatione
1255 1313 1445 1364 (XXVIII)
1482 1314 1593 1363 dicit,
1632 1314 1744 1354 omni
1787 1325 1929 1355 carere
1958 1313 2244 1365 probabilitate
2273 1316 2484 1356 evicerunt

139 1369 326 1410 Kiaerius
368 1369 439 1423 (83
480 1373 585 1422 squ.)
627 1375 668 1410 et
700 1369 894 1411 Weidner
936 1371 1175 1419 (Emendatt.
1215 1370 1402 1419 Iuvenal.,
1448 1369 1583 1420 Progr.
1620 1369 1843 1410 Dortmund
1888 1369 2020 1419 1887).
2091 1370 2349 1411 Rectissime
2374 1372 2482 1411 enim

138 1426 335 1465 Weidner
365 1426 576 1465 contendit
606 1427 794 1465 codicum
825 1427 1160 1477 interpolatorum
1190 1426 1408 1466 lectionem
1438 1438 1561 1477 supra
1591 1426 1837 1477 exscriptam
1868 1426 2050 1466 enarrari
2080 1438 2163 1467 non
2191 1438 2314 1478 posse
2343 1427 2420 1467 nisi
2440 1428 2482 1467 in

138 1482 247 1522 hunc
278 1482 464 1522 modum:
494 1479 736 1523 Ciceronem
768 1480 967 1528 Catilinae
998 1483 1280 1523 coniuratione
1302 1494 1497 1534 oppressa
1518 1486 1677 1522 tantum
1698 1483 1871 1522 nominis
1892 1482 2047 1531 tulisse,
2068 1487 2265 1535 quantum
2286 1481 2483 1523 Octavius

136 1550 220 1578 non
250 1537 436 1587 Actiaca,
466 1538 539 1578 sed
569 1538 815 1590 Philippensi
846 1539 1008 1579 demum
1038 1540 1211 1579 victoria
1240 1539 1388 1578 tulerit.
1447 1537 1521 1578 Cui
1551 1540 1780 1578 sententiae
1810 1539 1937 1589 ipsam
1968 1543 2196 1589 temporum
2215 1540 2415 1579 rationem
2436 1544 2477 1580 et

138 1595 386 1645 proeliorum
407 1619 410 1621 >
431 1594 615 1634 ordinem
645 1606 884 1645 repugnare.
942 1595 991 1634 Et
1021 1595 1129 1646 (111011
1160 1595 1351 1645 deinceps
1381 1598 1577 1646 sequatur
1606 1593 1676 1634 sed
1696 1593 1831 1634 Roma
1852 1596 2072 1645 parentem
2097 1592 2331 1636 Ciceronem
2350 1593 2481 1635 libera

138 1649 261 1699 dixit,
299 1650 378 1690 hoc
418 1649 554 1701 paullo
593 1654 689 1691 61116
729 1649 939 1691 Ciceronis
977 1651 1189 1702 aequalem
1230 1662 1322 1689 cum
1354 1649 1525 1690 Octavio
1563 1649 1723 1690 laudem
1762 1655 1803 1689 et
1841 1650 2011 1699 gloriam
2047 1651 2326 1700 praedicatam
2356 1650 2481 1690 fuisse

140 1706 390 1745 documento
432 1717 544 1745 esse:
585 1705 827 1746 Ciceronem
857 1708 897 1746 in
926 1718 1029 1757 pace
1059 1707 1260 1746 industria
1288 1711 1329 1745 et
1367 1707 1549 1746 sollertia
1587 1706 1760 1746 eundem
1799 1706 1958 1746 titulum
1998 1705 2075 1745 sibi
2112 1707 2332 1756 peperisse,
2363 1718 2483 1758 quem

143 1760 339 1801 Octavius
371 1763 551 1801 cruentis
582 1762 745 1811 proeliis
775 1761 999 1802 abstulerit.
1025 1792 1028 1795 .
1056 1762 1314 1802 Hermannus
1345 1762 1521 1801 coniecit
1550 1761 1616 1800 ille
1646 1760 1808 1812 quidem
1830 1763 2032 1811 quantum
2051 1760 2124 1800 vix
2144 1760 2348 1805 Leucade.
2377 1773 2483 1813 (11166

139 1817 360 1856 collocatio
391 1816 609 1856 verborum
639 1821 735 1867 apta
765 1822 828 1856 est
859 1828 1049 1857 versuum
1079 1818 1306 1856 sententiae
1338 1818 1533 1867 cuiusque
1554 1816 1782 1867 exemplum
1802 1817 1890 1867 ipse
1906 1816 2106 1856 Iuvenalis
2126 1817 2296 1867 praebet
2318 1817 2381 1856 lv.
2400 1818 2481 1857 109

138 1872 359 1923 (quantam
388 1871 461 1911 vix
489 1871 676 1911 redolent
703 1872 784 1912 duo
821 1871 1005 1921 semera),
1044 1873 1115 1912 sed
1157 1873 1242 1922 ipse
1282 1883 1382 1912 suae
1420 1883 1465 1911 se
1504 1871 1687 1912 medelae
1726 1872 1940 1912 audaciam
1968 1871 2186 1922 desparata
2215 1876 2372 1912 tantum
2402 1872 2481 1912 loci

138 1928 382 1968 condicione
412 1929 517 1966 tueri
547 1929 766 1967 concessit.
815 1927 1001 1967 Kiaerius
1031 1927 1213 1968 scribere
1241 1927 1382 1966 maluit
1404 1929 1605 1977 quantum
1626 1927 1819 1975 Leucate,
1838 1931 1883 1966 ut
1904 1927 2053 1967 evadat
2072 1938 2216 1967 versus
2235 1929 2482 1978 spondiacus

138 1984 206 2034 qui
237 1984 386 2022 dicitur
415 1984 530 2033 isque
561 1995 703 2033 parum
734 1984 911 2033 elegans.
971 1983 1166 2023 Weidner
1203 1984 1244 2022 in
1284 1984 1416 2034 priore
1447 1983 1624 2023 editione
1654 1983 1817 2033 scripsit
1847 1984 2049 2033 quantum
2077 1981 2174 2023 dein
2202 1981 2405 2033 Leucade,
2440 1985 2481 2024 in

138 2038 285 2090 quibus
315 2038 533 2078 molestum
563 2043 626 2078 est
656 2038 901 2078 vocabulum
933 2039 1053 2086 dein:
1089 2040 1129 2078 111
1159 2039 1289 2078 611616
1319 2039 1529 2089 proposuit
1569 2040 1771 2088 quantam
1809 2038 1924 2078 unda
1955 2038 2159 2087 Leucade,
2197 2050 2302 2090 quae
2341 2043 2482 2080 tamen

138 2095 379 2134 coniectura
408 2105 541 2145 neque
572 2094 842 2145 persuadendi
873 2096 954 2134 vim
984 2095 1143 2135 videtur
1173 2094 1336 2142 habere,
1369 2095 1463 2145 quia
1492 2094 1633 2143 proelii
1663 2098 1704 2133 et
1725 2094 1915 2134 maritimi
1934 2098 1976 2134 et
1996 2094 2201 2134 terrestris
2222 2095 2481 2135 atrocitatem

136 2163 220 2190 non
258 2150 311 2190 ab
350 2152 438 2200 ipso
477 2156 612 2200 poeta,
653 2151 725 2190 sed
763 2151 815 2190 ab
845 2151 1002 2191 editore
1032 2151 1221 2201 componi
1252 2162 1345 2190 cum
1375 2162 1457 2190 uno
1488 2148 1698 2190 Ciceronis
1729 2149 1779 2190 de
1808 2161 1912 2201 11606
1941 2150 2087 2190 11161110
2116 2148 2378 2191 manifestum
2407 2155 2483 2200 est,

138 2210 180 2246 et
217 2218 242 2246 a
280 2206 481 2247 sermonis
512 2205 644 2246 Latini
687 2207 935 2258 proprietate
975 2206 1181 2253 abhorret,
1214 2217 1294 2257 qua
1324 2206 1520 2256 postulari
1550 2205 1710 2245 videtur
1738 2205 1854 2245 unda
1883 2204 2111 2245 Leucadia.
2176 2205 2399 2247 Buecheler
2437 2208 2479 2246 111

137 2264 260 2301 tertia
304 2262 483 2302 editione
522 2262 611 2301 cod.
642 2262 683 2301 P.
722 2267 889 2305 secutus
929 2264 1091 2312 scripsit
1129 2265 1330 2312 quantum
1364 2262 1409 2301 in
1449 2261 1641 2301 Leucade
1675 2260 1813 2301 addita
1848 2262 1926 2302 hac
1962 2266 2081 2302 nota:
2119 2261 2166 2302 in
2202 2264 2394 2313 corrupte
2435 2261 2482 2302 P.

138 2315 331 2368 Sequitur
361 2316 541 2357 nondum
572 2322 761 2357 sanatum
792 2328 885 2357 esse
915 2317 1063 2357 locum.

341 2372 645 2412 Emendationis
676 2372 940 2414 fundamenta
971 2374 1103 2423 posita
1136 2378 1230 2412 sunt
1261 2373 1301 2411 in
1332 2373 1534 2422 scriptura
1560 2372 1627 2411 illa
1648 2372 1801 2412 codicis
1822 2371 2050 2435 pithoeani,
2071 2383 2176 2423 quae
2197 2376 2260 2412 est
2280 2375 2482 2423 quantum

137 2428 184 2468 in
214 2428 418 2468 Leucade.
486 2428 535 2467 Et
565 2429 724 2468 videtur
762 2433 861 2468 ante
899 2441 1043 2469 vocem
1076 2427 1270 2468 Leucade
1307 2428 1508 2468 excidisse
1546 2427 1703 2489 syllaba
1741 2428 1939 2479 principio
1969 2427 2089 2468 huius
2119 2428 2295 2468 nominis
2323 2428 2481 2478 similis,

138 2484 284 2524 deinde
314 2496 340 2523 a
370 2483 542 2523 librariis
575 2488 740 2534 propter
769 2484 938 2533 hiatum,
971 2485 1038 2535 qui
1069 2489 1132 2523 est
1163 2485 1203 2523 in
1233 2484 1368 2523 verbis
1400 2487 1601 2533 quantum
1630 2483 1688 2531 in,
1717 2495 1790 2533 pro
1820 2484 2123 2545 praepositione
2162 2483 2232 2523 illa
2260 2483 2483 2524 substituta

137 2540 460 2590 esseparticula
489 2553 584 2588 ozon,
613 2540 723 2580 velut
753 2552 826 2591 pro
857 2553 941 2580 ozon
971 2540 1227 2580 Hermannus
1258 2539 1584 2579 substituendum
1611 2539 1781 2590 putabat
1801 2538 1883 2579 vioe.
1924 2538 2134 2579 Excidisse
2154 2539 2276 2590 igitur
2294 2540 2481 2591 suspicor

137 2601 235 2635 ante
266 2595 461 2635 Leucade
500 2595 637 2636 literas
669 2595 752 2644 SE,
781 2601 825 2635 ut
862 2596 1011 2636 evadat
1042 2596 1164 2636 lectio
1195 2597 1396 2645 quantum
1425 2594 1470 2634 in
1499 2607 1543 2634 se
1571 2594 1775 2643 Leucade,
1812 2597 2014 2645 quantam
2048 2593 2291 2635 Thessaliae
2325 2596 2481 2646 campis

141 2650 337 2690 Octavius
368 2649 544 2690 abstulit.
604 2651 662 2690 Ita
692 2651 894 2691 vocabulo
923 2651 989 2690 illi
1018 2652 1057 2689 in
1088 2651 1222 2701 priore
1252 2650 1434 2690 membro
1464 2651 1597 2701 posito
1627 2650 1877 2701 respondent
1906 2651 1947 2689 in
1970 2661 2091 2689 versu
2112 2650 2191 2690 241
2214 2649 2340 2690 verba
2360 2650 2407 2690 in
2426 2663 2481 2700 se,

138 2712 181 2746 ut
227 2706 497 2747 Octavianum
542 2718 617 2746 5116
660 2707 882 2757 0111111111616
914 2712 1118 2755 tractum,
1165 2705 1405 2746 Ciceronem
1449 2706 1623 2746 utilitate
1667 2706 1872 2746 communi
1921 2705 2138 2757 impulsum
2181 2704 2306 2746 fuisse
2351 2707 2480 2758 magis

136 2766 344 2814 appareat.
418 2761 536 2813 Quod
575 2761 627 2801 ad
672 2762 839 2802 verbum
884 2762 1094 2802 auferendi
1130 2762 1311 2801 additum
1348 2766 1409 2801 est
1445 2773 1704 2812 pronomem·
1728 2760 1869 2801 confer
1905 2761 2116 2801 Livianum
2162 2761 2259 2801 illud
2300 2761 2481 2812 ιᾳῖονίανη

133 2819 310 2858 victoria
339 2818 385 2857 in
414 2831 457 2857 se
485 2831 633 2868 rapere
662 2823 701 2858 et
724 2818 932 2858 Ciceronis
954 2819 1079 2868 verba
1100 2823 1187 2869 (pro
1208 2817 1285 2857 Mil.
1303 2817 1369 2865 63)
1401 2817 1502 2868 quin
1532 2849 1540 2857 .
1571 2849 1579 2857 .
1609 2831 1743 2857 secum
1768 2815 1958 2866 auferret
1973 2815 2153 2867 yloriam
2175 2816 2477 2868 sempitemam.

136 2874 457 2925 Praepositionis
488 2879 625 2913 autem
655 2874 701 2913 in
731 2887 823 2914 cum
854 2876 1093 2914 accusativo
1125 2875 1369 2914 coniunctae
1400 2878 1440 2913 et
1471 2885 1544 2924 pro
1575 2873 1712 2913 dativo
1742 2874 1901 2924 positae
1932 2872 2160 2924 exemplum
2196 2873 2364 2924 praebet
2393 2875 2481 2925 ipse

138 2929 339 2972 luvenalis
370 2928 421 2970 11..
445 2928 497 2970 78
528 2928 641 2969 dedit
670 2928 776 2970 hanc
806 2930 994 2982 contaqio
1026 2928 1154 2970 labem
1187 2932 1225 2969 et
1253 2928 1367 2969 dabit
1394 2929 1440 2969 in
1464 2928 1619 2980 plures.
1928 2951 1932 2954 -

338 2983 451 3025 Haec
482 2987 619 3025 omnia
651 2998 743 3025 cum
774 2998 935 3027 mecum
965 2991 1123 3036 reputo,
1156 2987 1297 3026 nescio
1328 2998 1379 3025 an
1410 2987 1610 3036 scriptum
1636 2985 1756 3025 fuerit
1786 2997 1811 3024 a
1840 2990 1963 3036 poeta

812 3046 969 3082 tantum
1000 3042 1121 3094 igitur
1151 3053 1290 3082 muros
1321 3042 1427 3082 intra
1457 3045 1552 3092 toga
1583 3040 1754 3082 contulit
1775 3040 1831 3080 illi

811 3100 985 3137 nominis
1016 3110 1065 3137 ac
1095 3098 1215 3144 tituli,
1242 3102 1437 3147 quantum
1459 3098 1500 3136 in
1520 3108 1566 3136 se
1586 3097 1789 3145 Leucade,
1812 3102 2009 3147 quantum

811 3153 1047 3194 Thessaliae
1083 3154 1238 3204 campis
1270 3151 1465 3194 Octavius
1495 3151 1673 3193 abstulit.
