2640 3438
1335 281 1391 321 20

390 411 603 454 Scribendi
633 412 755 462 igitur
783 412 972 452 videntur
1001 423 1146 453 versus
1177 414 1254 453 ita:

792 477 884 519 Non
913 476 1049 530 Phryx
1079 483 1152 519 aut
1181 478 1342 531 Lycius,⁴
1372 490 1455 520 non
1483 489 1510 519 a
1538 488 1742 529 mangone
1771 478 1924 530 petitus

793 534 1008 585 quisquam
1038 535 1116 574 erit
1145 538 1188 575 et
1207 545 1376 586 magno:
1403 545 1496 575 cum
1515 544 1676 586 posces,
1695 543 1822 586 posce
1842 532 1979 575 latine.

389 599 438 639 Et
467 604 626 640 tantum
657 599 789 645 abest,
819 604 865 639 ut
894 600 1094 641 eiusmodi
1125 602 1330 642 sententia
1358 612 1384 641 a
1403 601 1528 641 totius
1547 600 1628 640 loci
1646 600 1782 641 indole
1800 598 2033 647 abhorreat,
2053 603 2099 639 ut
2124 599 2275 652 optime
2295 600 2533 644 consentiat

187 665 280 696 cum
309 654 429 695 huius
460 655 612 696 satirae
641 655 769 707 partis
798 659 1056 707 argumento,
1087 655 1196 708 quod
1226 660 1291 698 est
1319 655 1370 697 de
1390 654 1620 708 frugalitate
1639 659 1787 707 poetae
1805 654 2044 707 castigantis
2064 653 2295 707 aequalium
2314 653 2531 697 luxuriam.

187 709 394 752 Caesurae
431 715 570 751 autem
611 711 772 752 ratione
800 710 941 751 habita
970 710 1076 752 bene
1107 713 1410 763 coniunguntur
1438 711 1565 752 verba
1601 711 1671 752 illa
1706 713 1748 751 in
1785 710 1817 750 P
1847 715 2040 762 corrupta
2076 721 2171 750 cum
2203 711 2344 762 priore
2380 721 2528 752 versus

184 770 314 817 parte,
345 777 427 818 qua
456 766 507 808 de
536 777 581 807 re
610 764 796 808 Kiaerius
825 777 863 818 p.
893 765 918 806 7
949 765 1124 809 haecce:
1157 779 1184 807 a
1208 779 1404 809 caesurae
1430 764 1663 818 intervallo,
1690 765 1762 808 ubi
1788 764 1883 817 fieri
1903 767 2049 818 potest,
2082 764 2282 817 apodosin
2308 767 2348 807 et
2376 776 2529 807 novam

185 822 432 861 sententiam
460 821 751 862 secundariam
778 821 843 861 vel
865 821 1114 871 pendentem
1143 823 1303 873 incipit,
1330 823 1389 862 ibi
1417 821 1674 873 anaphoram
1708 822 1771 862 vel
1804 822 2032 872 asyndeton
2061 821 2199 872 ponit,
2233 819 2400 861 verbum
2433 820 2529 862 aab·

184 876 412 917 stantivam
441 876 604 926 omittit,
639 875 777 917 hiatui
804 875 1004 929 indulyet,
1032 879 1082 918 ut
1110 876 1223 918 brevi
1246 877 1500 928 praecidam,
1529 875 1715 918 omnibus
1742 875 1874 918 modis
1902 888 2067 928 operam
2098 875 2182 926 dat,
2210 878 2259 917 ut
2276 875 2371 928 ipsa
2389 875 2529 918 oratio

187 934 330 983 aptum
357 932 579 974 insistendi
610 934 768 984 tempus
797 931 941 973 lectori
962 932 1178 984 praebeat.
1242 933 1370 983 Adde,
1412 933 1520 986 quod
1559 933 1870 975 commendatur
1908 933 2011 974 haec
2040 932 2258 974 verborum
2295 931 2532 974 distributio

185 988 435 1028 scholiastae
463 988 743 1036 adnotatione,
773 989 843 1038 qui
872 989 1058 1038 scripsit:
1088 989 1308 1038 quisquam
1339 988 1418 1028 erit
1444 989 1471 1027 i.
1501 1001 1550 1027 m.
1582 988 1723 1038 quales
1751 988 1936 1028 vendunt
1964 1000 2059 1027 care
2087 986 2346 1038 manciparit.

388 1107 626 1149 Scribebam
659 1107 768 1149 feriis
798 1109 966 1149 aestivis
1000 1108 1119 1150 1895.
