2640 3438
107 377 262 426 optimo
293 377 379 415 iure
410 380 451 415 et
481 376 683 415 subtiliter
712 377 854 415 reiecit
884 376 1138 415 Holmannus
1168 376 1325 428 (Progr.
1356 376 1474 416 Wilh.
1508 376 1652 428 Gymn.
1680 376 1884 417 Miinchen
1919 375 2101 430 1889]oe
2128 390 2165 428 p.
2193 378 2247 427 5).
2295 378 2448 421 Contra

104 431 302 471 Rudollus
333 430 436 473 Beer
466 433 507 471 in
537 431 648 483 Spic.
677 431 757 472 Iuv.
794 443 830 482 p.
861 431 912 472 61
946 444 1033 483 squ.
1091 431 1347 482 Vahlenium,
1378 433 1446 484 qui
1476 433 1685 484 vulgatam
1716 431 1907 482 defendit,
1946 437 2060 474 recte
2092 432 2297 475 iudicasse
2325 441 2450 488 negat

105 487 239 526 locum
271 488 451 527 nondum
481 492 672 527 sanatum
703 492 829 527 ratus.

308 552 359 594 At
391 567 414 596 e
443 556 646 606 scriptura
676 555 831 595 codicis
853 553 897 604 P,
930 567 1035 606 quae
1066 559 1130 596 est
1160 557 1342 604 acturae,
1371 555 1587 596 restituere
1616 567 1664 596 ac
1683 555 1781 596 iura
1800 554 2151 606 palaeographicis
2180 554 2337 606 legibus
2366 569 2448 599 non

103 614 300 651 vetamur.
359 609 462 651 Nam
495 621 588 651 cum
619 611 815 652 continua
844 610 1046 663 scriptura
1077 610 1207 652 codex
1238 609 1484 664 archetypus
1515 610 1634 652 suerit
1663 615 1870 658 exaratus,
1910 610 2020 651 haud
2048 621 2143 651 raro
2173 611 2214 651 in
2244 611 2388 653 codice
2416 612 2449 655 P

102 666 208 707 male
239 668 484 707 coniunctae
514 672 609 706 sunt
639 667 703 707 vel
734 666 951 707 distinctae
981 667 1135 716 literae,
1168 668 1283 706 cuius
1314 669 1475 717 generis
1505 669 1691 718 exempla
1719 672 1814 707 sunt
1843 668 1963 707 haec:
1995 666 2020 706 l.
2042 667 2095 706 22
2116 680 2180 706 me
2198 666 2337 708 viatus
2356 681 2446 710 cum

103 722 253 774 (recte:
285 721 428 764 Mei-ia
462 721 669 776 Tuscum),
706 721 769 764 vl.
807 721 890 764 306
927 720 1099 776 tnzmqet
1136 723 1199 776 (r.:
1238 722 1255 763 i
1288 735 1400 764 minc
1438 724 1503 776 et),
1540 722 1631 764 alia.
1690 722 1910 765 Praeterea
1954 723 2116 775 saepius
2146 720 2448 769 confunduntur

101 780 142 818 in
173 778 204 818 P
235 779 377 819 literae
408 784 424 819 t
454 785 496 819 et
525 781 550 827 i,
583 781 698 819 cuius
730 778 981 819 confusionis
1011 782 1197 830 exempla
1226 779 1387 819 adferre
1417 780 1538 819 liceat
1568 780 1691 820 haec:
1731 779 1794 819 lv.
1825 779 1890 821 95.
1921 778 2006 818 iam
2044 779 2091 831 (r.
2123 779 2222 831 tam)
2252 778 2331 819 vn.
2357 780 2445 821 180.

104 837 147 874 tu
177 834 333 874 mentia
363 833 520 887 (addita
540 834 658 874 litera
679 836 690 874 i
718 847 792 886 pro
813 834 1028 887 iumenta),
1059 833 1140 874 ΧΠ.
1162 833 1215 874 62
1248 835 1378 875 tacuit
1407 835 1452 885 (r.
1475 834 1633 887 iamcit).
1678 834 1881 887 Sequitur,
1903 839 1948 874 ut
1973 834 2162 874 facillime
2182 835 2446 876 restituamus

101 902 124 930 e
154 888 368 932 Pithoeani
398 891 600 942 scriptura
630 889 850 932 lectionem
881 890 991 931 illam
1021 890 1241 942 vulgatam,
1275 900 1381 942 quae
1411 895 1475 931 est
1505 903 1553 931 ac
1581 890 1681 932 iura
1712 889 1846 931 citari.

302 956 384 997 Sed
422 962 568 997 contra
599 956 854 1006 Vahlenium,
886 958 955 1008 qui
985 956 1165 997 defendit
1194 958 1415 1008 vulgatam,
1448 957 1616 998 Beerius
1646 971 1681 1009 p.
1704 958 1755 998 61
1787 958 1887 998 dicit
1915 957 2035 998 haec:
2073 955 2228 997 Vahlen
2266 958 2445 1009 exemplo

102 1013 229 1052 allato
261 1012 305 1052 X
325 1013 416 1052 :293
445 1026 495 1052 ss.
528 1011 615 1065 (sed
644 1015 758 1052 vetat
786 1010 934 1063 optari
943 1012 1105 1062 faciem
1126 1013 1340 1062 Lucretia,
1371 1013 1533 1064 qualem
1561 1013 1655 1064 ipsa
1683 1010 1851 1063 habm‘t;
1880 1015 2044 1064 cuperet
2062 1011 2236 1053 Rutilae
2252 1012 2446 1065 Vevyinia

98 1067 264 1121 qibbum
307 1068 490 1120 accipere
532 1070 657 1120 atque
695 1080 814 1108 suam
840 1067 1015 1108 Rutilae
1054 1068 1173 1120 dare)
1209 1065 1284 1108 hoc
1313 1081 1431 1120 quem
1463 1071 1688 1109 tractamus
1718 1069 1802 1109 loco
1832 1068 1930 1110 bene
1958 1068 2113 1119 referii
2140 1068 2238 1110 iura
2267 1068 2322 1109 ad
2351 1071 2449 1110 ante

103 1137 242 1165 omnes
274 1128 312 1164 et
342 1124 566 1165 Scantinia
594 1139 677 1165 non
703 1123 962 1176 probabilius
991 1124 1183 1165 reddidit.
1243 1124 1296 1164 At
1340 1122 1448 1176 quod
1489 1125 1594 1176 leqes
1629 1138 1676 1165 ac
1705 1125 1804 1166 iura
1833 1138 1915 1166 non
1944 1124 2050 1167 bene
2087 1125 2228 1166 referri
2267 1124 2365 1166 dicit
2394 1126 2446 1166 ad

105 1180 338 1231 Sccmtinia,
378 1193 459 1233 qua
497 1183 688 1222 teneatur
727 1179 965 1223 difficultate
1004 1192 1087 1221 non
1118 1192 1183 1221 me
1214 1179 1451 1232 intellegere
1482 1181 1690 1222 confiteor.
1760 1180 1864 1222 Nam
1904 1181 2070 1222 omnino
2109 1193 2192 1222 non
2231 1181 2446 1223 referenda

101 1241 197 1277 sunt
235 1237 362 1277 verba
401 1237 508 1289 leqes
548 1250 595 1277 ac
624 1237 722 1277 iura
761 1238 814 1277 ad
853 1237 984 1287 legem
1014 1236 1281 1285 Scantiniam,
1322 1238 1394 1277 sed
1434 1237 1486 1277 ad
1525 1236 1665 1277 Iuliam
1704 1236 1813 1277 illam
1854 1238 1905 1278 de
1934 1237 2157 1287 adulteriis,
2189 1249 2294 1289 quae
2323 1250 2447 1289 supra

103 1296 427 1334 commemorata
467 1297 543 1342 est,
585 1306 666 1345 qua
696 1292 785 1344 lege
815 1294 905 1334 iura
934 1293 1217 1333 concedantur
1246 1294 1403 1333 maritis
1433 1294 1474 1333 in
1505 1293 1677 1334 [eminas
1707 1293 1915 1334 adulteras
1946 1298 1987 1334 et
2017 1294 2223 1334 moechos.
2283 1291 2445 1342 Confer,

104 1351 138 1391 si
169 1350 317 1400 placet,
350 1355 425 1389 sat.
457 1349 505 1389 X.
527 1350 606 1389 311
640 1363 693 1391 ss.
734 1348 806 1399 fiet
846 1348 1011 1389 adulter
1050 1348 1252 1400 publicus,
1294 1351 1331 1388 et
1354 1361 1513 1400 poenas
1541 1349 1688 1389 metuit
1716 1361 1992 1400 quascumque
2019 1348 2164 1389 mariti
2192 1349 2294 1389 irati
2323 1348 2446 1389 debet.

105 1405 266 1455 Optime
308 1407 430 1455 igitur
474 1406 601 1445 citata
639 1405 728 1455 lege
769 1405 868 1445 Iulia
906 1405 1004 1444 dicit
1042 1404 1218 1445 Laronia
1258 1409 1428 1445 vexatas
1468 1418 1560 1445 esse
1590 1405 1700 1456 leges
1742 1418 1792 1446 ac
1822 1407 1911 1445 iura
1940 1409 1982 1445 et
2010 1406 2089 1456 legi
2118 1405 2241 1445 Iuliae
2280 1407 2445 1456 opponit

105 1460 375 1501 Scantiniam.
443 1458 628 1510 Accedit,
669 1461 778 1513 quod
818 1460 1020 1501 vocabula
1060 1460 1166 1511 leqes
1196 1473 1244 1500 ac
1273 1460 1371 1501 iura
1400 1461 1614 1501 notissimo
1643 1472 1960 1513 synonymorum
1992 1473 2068 1501 usu
2103 1461 2294 1512 copulata
2323 1465 2446 1513 atque

111 1517 320 1555 cumulata
350 1522 457 1565 sunt,
489 1522 532 1555 ut
561 1518 757 1556 maiorem
789 1518 869 1555 vim
893 1517 1045 1555 habeat
1065 1518 1198 1565 legum
1229 1518 1354 1555 notio.
1412 1517 1552 1567 Neque
1582 1517 1623 1556 in
1653 1518 1752 1567 ipsis
1773 1517 1980 1557 ,luvenalis
2004 1517 2141 1556 satiris
2161 1517 2308 1556 desunt
2328 1517 2446 1557 huius

106 1572 267 1621 generis
311 1572 518 1622 exempla:
563 1572 654 1612 vide
695 1573 751 1612 sis
790 1571 869 1612 Vll.
901 1571 982 1612 232
1023 1574 1210 1611 auctores
1247 1571 1411 1611 noverit
1449 1584 1586 1612 omnes
1626 1574 1834 1623 tamquam
1871 1584 2032 1623 unques
2071 1571 2301 1623 digitosque
2340 1584 2447 1621 suos,

110 1626 205 1666 Vlll.
241 1627 319 1666 146
359 1630 531 1678 praeter
568 1627 767 1667 maiorem
806 1626 963 1667 ‹ineres
1003 1630 1126 1677 atquc
1166 1640 1282 1676 ossa,·
1319 1628 1360 1666 in
1398 1628 1476 1667 hac
1518 1629 1607 1678 ipsa
1645 1629 1772 1668 satira
1802 1627 1854 1667 72
1897 1627 2003 1678 leqes
2033 1639 2081 1666 ac
2107 1627 2206 1667 iura
2235 1626 2446 1677 serentem.

108 1683 310 1722 luvenalis
355 1684 484 1732 enim,
531 1688 576 1723 ut
613 1685 670 1723 ait
710 1683 886 1731 lahnius,
918 1695 940 1722 e
980 1684 1186 1723 rhetorica
1226 1683 1438 1734 disciplina
1477 1683 1636 1734 loquax.
1709 1683 1837 1723 Recte
1880 1684 2000 1733 igitur
2042 1683 2294 1723 Holmannus
2338 1696 2373 1734 p.
2402 1684 2446 1723 5:

107 1737 170 1779 ich
208 1738 322 1780 lsann
366 1739 552 1780 weidner
590 1738 704 1780 nicht
739 1739 1002 1789 beistimmen‚
1037 1752 1156 1780 icemz
1194 1752 1238 1779 er
1274 1738 1500 1790 behauptet,
1545 1739 1643 1779 dass
1677 1737 1751 1780 cler
1780 1739 1935 1780 Zusatz
1972 1752 2019 1780 ac
2056 1738 2153 1780 iura
2190 1738 2447 1792 ilberflilssiq‚

105 1795 230 1846 Ic‘t'stiq
246 1796 334 1834 und
348 1795 517 1834 storencl
532 1796 614 1844 sei;
631 1809 674 1833 er
690 1796 745 1833 ist
759 1795 864 1834 nach
880 1795 953 1833 der
972 1795 1199 1845 redscliyen
1221 1795 1391 1834 Manier
1410 1795 1480 1834 des
1501 1794 1695 1834 Dichters
1714 1808 1797 1835 ntlr
1819 1795 1910 1835 eine
1935 1795 2345 1846 Vervollstcindiquny
2365 1809 2444 1834 von

104 1851 220 1902 loyes.
262 1852 376 1901 Quae
408 1862 500 1891 cum
532 1853 589 1892 ita
618 1852 713 1901 sint,
745 1852 851 1892 inter
880 1851 991 1902 leges
1021 1863 1071 1891 ac
1101 1852 1189 1891 iura
1219 1851 1314 1902 quin
1335 1849 1547 1892 Scantinia
1576 1851 1828 1892 numeranda
1858 1852 1923 1901 sit,
1954 1851 2043 1903 quis
2076 1854 2138 1892 est
2165 1850 2232 1902 qui
2253 1849 2446 1893 dubitet?

301 1917 453 1958 Deinde
497 1918 732 1959 reformidat
779 1918 946 1958 Beerius
991 1916 1205 1965 vocabula,
1251 1929 1355 1970 quae
1395 1922 1490 1958 sunt
1529 1921 1625 1959 ante
1663 1931 1811 1968 omnes,
1851 1918 2001 1960 referre
2034 1918 2086 1958 ad
2118 1917 2224 1969 leqes
2254 1930 2302 1958 ac
2330 1917 2438 1958 iura.

104 1974 185 2013 Sed
217 1976 375 2013 etiamsi
408 1975 542 2014 locum
573 1987 598 2014 a
629 1973 827 2014 Vahlenio
858 1973 1040 2023 allatum,
1080 1974 1148 2014 ubi
1188 1974 1218 2012 P
1256 1974 1419 2014 exhibet
1457 1974 1511 2013 ad
1541 1987 1648 2024 quae
1683 1988 1815 2023 sicum,
1851 1993 1882 2014 ω
1919 1977 2043 2024 atque
2080 1986 2211 2022 suam,
2249 1973 2446 2015 Biicheler

103 2031 267 2080 scripsit
299 2032 423 2080 atque
451 2044 584 2079 suum,
617 2029 813 2070 Weidner
848 2042 931 2070 non
971 2031 1059 2070 sine
1095 2030 1214 2070 laude
1251 2030 1422 2070 aliorum
1461 2043 1584 2081 osque
1613 2043 1746 2079 siluno,
1775 2034 1939 2081 propter
1969 2030 2075 2070 hanc
2106 2030 2332 2081 scripturae
2362 2030 2444 2070 dis-

102 2087 353 2136 crepantiam
385 2087 633 2126 auctoritate
670 2099 812 2126 carere
848 2085 1110 2126 statuendum
1148 2091 1224 2136 est,
1264 2091 1401 2127 tamen
1438 2086 1585 2126 similia
1623 2098 1646 2126 e
1681 2087 1818 2126 satiris
1860 2085 2009 2126 adferri
2039 2090 2228 2137 possunt:
2268 2086 2359 2126 vide
2389 2087 2445 2126 sis

102 2147 178 2182 sat.
202 2142 264 2181 Vl.
295 2154 437 2182 versus
473 2143 548 2182 187
581 2155 634 2181 ss.
1261 2166 1263 2168 ·

1452 2196 1592 2239 omnia
1617 2210 1777 2250 yraece,

751 2268 841 2294 cum
871 2255 926 2293 sit
964 2258 1082 2305 turpe
1111 2255 1243 2305 maqis
1280 2254 1436 2294 nostris
1464 2254 1622 2294 nescire
1652 2255 1799 2302 latium
2367 2255 2446 2294 188

750 2309 823 2350 hoc
852 2324 1039 2350 sermone
1063 2313 1232 2361 pavent,
1262 2310 1337 2350 hoc
1366 2310 1474 2351 iram
1500 2309 1659 2362 qaudz‘a
1692 2323 1825 2360 curas,

753 2366 826 2406 hoc
856 2369 1003 2407 cuncta
1034 2365 1257 2417 effundunt
1287 2365 1418 2406 animi
1446 2368 1612 2406 secreta.

100 2449 122 2476 e
145 2436 292 2487 quibus
315 2448 476 2475 versum
504 2436 581 2475 188
603 2436 782 2485 spurium
804 2445 897 2475 esse
927 2439 1050 2474 antea
1080 2435 1211 2474 critici
1241 2434 1415 2484 probare
1446 2434 1582 2474 conati
1603 2433 1791 2473 dixerunt
1821 2434 2063 2484 interposito
2085 2433 2287 2473 vocabulo
2318 2432 2447 2473 latine

102 2492 301 2543 impediri,
332 2492 549 2542 quominus
572 2491 696 2531 verba
726 2489 799 2530 hoc
828 2502 1013 2530 sermone
1042 2502 1122 2541 quo
1152 2488 1367 2530 reserenda
1396 2490 1478 2530 sint
1506 2494 1620 2530 recte
1654 2488 1896 2538 referantur,
1946 2490 1997 2530 ad
2029 2488 2272 2529 vocabulum
2297 2501 2446 2540 =qraeoe

98 2550 140 2589 in
172 2561 207 2588 v.
243 2548 320 2588 187
352 2548 563 2599 scriptum.
623 2547 700 2597 Qui
730 2558 858 2598 nuper
887 2547 1035 2586 satiras
1065 2550 1361 2586 recensuerunt
1390 2557 1553 2585 versum
1583 2545 1693 2585 illum
1724 2550 1940 2586 servarunt
1970 2549 2011 2585 et
2041 2546 2194 2596 optimo
2234 2546 2319 2586 iure
2357 2556 2444 2586 ser-

98 2610 259 2653 varunt,
292 2617 386 2644 cum
416 2606 469 2643 sit
500 2605 547 2652 is,
580 2605 620 2642 in
651 2615 770 2654 quem
801 2614 944 2642 omnes
975 2603 1015 2641 hi
1045 2615 1187 2642 versus
1223 2603 1319 2642 sacti
1358 2606 1465 2651 sunt,
1505 2614 1641 2641 sermo
1672 2601 1804 2641 nullus
1845 2602 1922 2641 nisi
1961 2613 2145 2651 graecus.
2203 2601 2445 2641 Rectissime

101 2660 317 2701 Weidner:
359 2659 414 2700 da
444 2660 584 2700 omnia
609 2671 757 2711 yraece
787 2658 865 2698 den
896 2657 1255 2709 Hauptqedanken
1288 2656 1456 2708 enthc'ilt,
1485 2670 1529 2697 so
1559 2656 1714 2698 bezieht
1742 2655 1827 2696 sich
1856 2656 2017 2707 darauf
2045 2655 2119 2696 hoc
2137 2669 2323 2697 sermone
2350 2655 2445 2696 sehr

99 2716 243 2767 leicht,·
282 2716 392 2755 denn
421 2718 498 2754 mit
525 2715 600 2755 hoc
628 2714 735 2755 wird
767 2713 862 2753 eben
892 2713 958 2752 die
984 2713 1241 2764 Vorstellunq
1260 2712 1552 2764 sestqehalten‚
1582 2713 1649 2752 die
1669 2711 1795 2762 Kopf
1816 2713 1904 2752 und
1924 2713 2039 2752 Here
2068 2713 2137 2751 des
2158 2711 2443 2762 Sprechenden

106 2773 266 2824 beweqt.
326 2771 527 2813 Simillimi
559 2776 655 2813 sunt
685 2771 738 2819 hi,
770 2769 821 2811 de
850 2769 996 2821 quibus
1033 2781 1140 2810 nunc
1177 2770 1346 2820 agimus,
1385 2781 1544 2810 versus:
1587 2769 1636 2810 de
1681 2768 1837 2820 legibus
1876 2780 1968 2809 cum
2007 2773 2118 2810 totus
2157 2770 2210 2808 sit
2251 2768 2366 2809 locus
2404 2771 2446 2808 et

104 2830 350 2870 vocabulum
391 2828 491 2869 iura
529 2826 861 2880 amplificationis
900 2837 1028 2866 causa
1066 2826 1247 2865 additum
1286 2827 1360 2874 sit,
1400 2825 1505 2865 bene
1544 2826 1691 2864 dicitur
1731 2827 1827 2864 ante
1865 2837 2011 2864 omnes,
2078 2825 2139 2864 Ad
2179 2825 2257 2864 hoc
2297 2825 2446 2874 excipit

98 2886 301 2925 vocabula
344 2888 441 2925 ante
489 2897 627 2925 omnes
672 2882 919 2924 vocabulum
965 2880 1204 2921 Scantinia:
1257 2882 1314 2921 ita
1357 2886 1470 2921 recte
1514 2881 1695 2921 eiusdem
1739 2879 1926 2920 vocabuli
1969 2893 2097 2932 genus
2136 2881 2443 2931 grammaticum

97 2946 324 2993 sequuntur
353 2940 480 2981 verba
511 2944 608 2981 ante
637 2952 785 2980 omnes.

300 3008 357 3049 Ex
388 3008 463 3058 his,
496 3019 601 3060 quae
632 3006 945 3058 disputavimus,
984 3003 1089 3045 effici
1119 3003 1278 3044 videtur
1308 3012 1401 3043 cum
1432 3002 1630 3043 Vahlenio
1661 3002 1920 3043 scribendum
1950 3015 2042 3045 esse

816 3083 925 3136 quod
956 3084 991 3123 si
1023 3086 1224 3123 vexantur
1254 3081 1364 3132 leges
1395 3093 1446 3121 ac
1478 3081 1576 3131 iura,
1609 3082 1727 3121 citari

813 3146 909 3181 ante
940 3153 1084 3181 omnes
1115 3138 1238 3178 debet
1267 3137 1489 3179 Scantinia.
