2640 3438
1275 243 1324 281 14

1201 376 1316 416 dieas
1346 376 1450 418 haec
1479 375 1641 417 mollius
1669 375 1826 417 Haemo

953 433 1208 483 Quamquam
1239 438 1281 472 et
1311 432 1594 484 Carpophoro余

123 499 196 538 sed
228 499 446 539 offenditur
476 501 643 539 criticus
673 500 878 539 sententia
907 512 1111 547 versuum,
1143 512 1248 550 quae
1279 501 1538 540 contineatur
1572 500 1783 540 enuntiato
1814 500 2068 540 concessivo.
2126 498 2297 550 Pinzger
2333 500 2464 540 enim:

120 554 304 604 primum
338 554 538 605 displicet,
566 556 709 606 inquit,
746 567 997 605 quamquam
1031 555 1148 604 illud,
1187 555 1295 606 quod
1329 568 1414 596 non
1443 555 1708 606 perspicitur,
1745 568 1818 595 cur
1853 553 2035 606 equitum
2069 555 2243 596 istorum
2277 554 2466 606 nequitia

124 610 323 650 minorem
366 611 507 660 facere
535 611 670 661 possit
708 610 795 651 eius
836 611 1008 661 culpam,
1046 624 1164 661 quem
1201 610 1238 650 h.
1266 611 1289 651 l.
1321 611 1550 663 alloquitur
1585 610 1807 652 Iuvenalis.
1879 610 1933 650 At
1976 615 2089 662 patet
2132 623 2215 651 non
2258 611 2299 651 id
2342 622 2465 662 agere

123 671 300 716 poetam,
344 672 387 707 ut
423 668 584 718 culpam
618 668 817 707 minorem
853 667 989 713 faeiat,
1030 668 1103 707 sed
1138 668 1226 707 sine
1262 667 1385 708 dubio
1422 680 1675 718 quamquam
1708 667 1805 707 illud
1840 667 1992 707 dictum
2031 671 2095 707 est
2128 667 2295 716 ironice,
2326 671 2368 708 et
2408 667 2466 708 ita

125 722 288 773 quidem
331 728 376 762 ut
418 723 605 763 videatur
646 727 768 773 poeta
809 724 943 773 posito
979 724 1160 774 equitum
1190 724 1376 774 exemplo
1407 723 1518 763 falsis
1549 723 1722 763 testibus
1752 723 1913 763 veniam
1943 723 2054 771 dare,
2085 734 2130 762 re
2157 734 2256 763 vera
2284 734 2334 764 eo
2364 724 2466 774 ipso,

124 778 233 829 quod
263 780 604 830 nequissimorum
634 779 842 818 hominum
873 780 1060 829 exemplo
1091 780 1230 827 utitur,
1262 779 1519 830 turpitudinis
1550 783 1691 819 notam
1720 779 1855 819 inurat
1886 779 1958 828 eis,
1987 779 2055 830 qui
2075 779 2244 819 istorum
2265 779 2466 820 rationem

124 834 287 874 vivendi
317 835 434 886 sequi
463 836 643 874 animum
674 835 915 875 induxerint.
975 835 1107 875 ironia
1138 839 1273 875 autem
1304 835 1558 875 enuntiatum
1590 836 1875 875 concessivum
1905 835 2092 885 amplexa
2122 846 2313 886 magnam
2344 834 2468 875 habet

127 891 207 928 vim
239 902 372 941 neque
402 893 459 930 ita
489 903 583 930 raro
615 892 837 939 invenitur余
868 890 1010 931 confer
1039 893 1072 930 si
1103 891 1237 941 placet
1268 891 1364 930 Vlll.
1395 891 1448 930 85
1479 904 1511 929 s.

799 967 945 1018 dignus
975 972 1106 1007 morte
1136 969 1253 1018 perit,
1285 972 1432 1008 coenet
1463 968 1559 1008 licet
1588 971 1727 1008 ostrea
1748 972 1913 1008 centum

800 1022 991 1062 Gaurana
1022 1028 1062 1062 et
1094 1022 1231 1062 Cosmi
1263 1029 1349 1063 toto
1381 1028 1589 1074 mergatur
1618 1035 1740 1072 aen0余

122 1105 163 1139 et
194 1100 241 1139 X.
271 1101 324 1139 33
356 1114 408 1139 ss.

799 1171 992 1217 perpetuo
1023 1168 1107 1206 risu
1138 1167 1370 1217 pulmonem
1399 1169 1556 1218 agitare
1587 1167 1747 1207 solebat

798 1223 1066 1270 Democritus,
1098 1235 1345 1273 quamquam
1376 1236 1458 1263 non
1489 1227 1627 1264 essent
1657 1222 1823 1262 urbibus
1854 1223 1932 1262 illis

798 1283 1035 1329 praetextae
1067 1279 1234 1319 trabeae
1266 1279 1399 1319 fasces
1431 1280 1578 1319 lectica
1608 1279 1796 1319 tribunal.

326 1356 478 1397 Deinde
524 1356 712 1406 Pinzger:
758 1355 962 1406 Displicet
1000 1369 1142 1406 porro,
1178 1357 1318 1407 inquit,
1360 1356 1469 1407 qaod
1504 1355 1765 1407 Cappadoces
1805 1358 1843 1395 et
1874 1355 2052 1407 Bithyni
2088 1359 2468 1406 commemorantur,

120 1415 339 1463 postquam
368 1412 454 1453 iam
485 1411 594 1452 dixit
625 1412 787 1459 Asiani,
822 1412 876 1452 ad
907 1425 1008 1462 quos
1038 1412 1205 1463 utrique
1234 1412 1298 1452 illi
1321 1413 1545 1463 pertinent.
1604 1412 1703 1452 Eum
1735 1417 1901 1453 secutus
1932 1412 2187 1453 Heinrichius
2218 1413 2275 1453 ita
2295 1413 2469 1454 iudicat:

124 1469 186 1508 als
215 1482 336 1508 wenn
369 1467 594 1519 Bithynier
622 1469 708 1508 und
744 1467 1028 1518 Cappadocier
1057 1468 1170 1508 nicht
1200 1468 1305 1509 auch
1335 1469 1487 1509 Asiani
1516 1472 1669 1517 wa'ren,
1709 1481 1814 1520 quae
1855 1468 1982 1509 verba
2011 1468 2150 1509 laudat
2179 1468 2398 1509 Teuffelius
2427 1471 2468 1509 in

121 1524 456 1565 adnotationibus
486 1526 663 1564 versioni
701 1524 860 1564 additis.
913 1523 1092 1565 Censent
1123 1526 1243 1575 igitur
1274 1526 1404 1565 critici
1435 1538 1516 1565 non
1547 1529 1659 1565 reete
1690 1525 1895 1575 cogitasse
1924 1525 2044 1565 huius
2074 1536 2216 1565 versus
2244 1530 2468 1574 auctorem,

121 1582 188 1632 qui
231 1582 412 1632 speciem
451 1592 556 1632 quae
588 1586 769 1625 vocatur,
803 1579 1070 1631 Cappadoces
1101 1586 1141 1620 et
1173 1580 1381 1633 Bithynos,
1414 1581 1631 1621 contulerit
1664 1593 1756 1620 cum
1789 1591 1951 1631 genere,
1982 1580 2154 1620 Asianis.
2214 1580 2327 1621 Unde
2364 1581 2470 1622 effici

122 1650 203 1676 non
234 1637 387 1676 factum
418 1649 511 1675 esse
542 1649 704 1675 versum
735 1636 788 1675 ab
814 1637 978 1675 homine
999 1649 1134 1676 rerum
1157 1637 1433 1676 Romanorum
1455 1639 1608 1687 perito余
1630 1649 1728 1686 ergo
1749 1637 1802 1675 ab
1823 1637 2011 1676 Iuvenale
2032 1648 2124 1677 esse
2144 1636 2468 1676 abiudicandum.

119 1692 204 1733 Nec
249 1695 388 1732 tamen
431 1692 583 1731 erravit
627 1692 672 1740 is,
716 1692 784 1743 qui
824 1702 988 1732 versum
1031 1691 1139 1741 fecit,
1184 1692 1257 1731 sed
1288 1693 1438 1732 erravit
1470 1692 1650 1744 Pinzger.
1709 1691 1875 1743 Equites
1906 1692 2013 1732 enim
2046 1691 2218 1732 Asianos
2249 1691 2347 1732 dicit
2376 1703 2469 1733 esse

118 1750 278 1799 equites
321 1761 371 1788 ex
414 1748 513 1787 Asia
554 1748 710 1787 Minore
752 1760 857 1799 quae
900 1753 1074 1788 vocatur
1112 1749 1318 1788 oriundos.
1360 1749 1476 1798 Quod
1507 1761 1628 1800 quam
1659 1749 1936 1799 imprudenter
1964 1748 2171 1799 professus
2201 1749 2254 1788 sit
2283 1748 2468 1799 Pinzger,

119 1804 326 1854 intelleget
356 1805 424 1855 qui
455 1804 505 1843 de
536 1804 756 1854 provinciis
788 1805 828 1843 in
858 1803 957 1843 Asia
987 1805 1076 1843 sitis
1107 1815 1241 1844 rerum
1272 1805 1494 1855 scriptores
1530 1804 1791 1844 consuluerit.
1850 1803 1954 1843 Nam
1984 1804 2106 1843 Asiae
2145 1815 2295 1844 nomen
2333 1809 2469 1855 potest

118 1860 214 1900 illud
244 1860 408 1911 quidem
439 1871 532 1899 esse
562 1860 682 1907 idem,
714 1860 822 1910 quod
853 1865 997 1910 postea
1028 1864 1090 1899 est
1120 1860 1213 1899 inde
1244 1859 1296 1899 ab
1327 1865 1472 1911 quarto
1494 1873 1529 1910 p.
1551 1858 1642 1899 Chr.
1664 1859 1830 1899 saeculo
1858 1859 1956 1898 Asia
1977 1859 2118 1906 Minor,
2149 1859 2223 1899 sed
2251 1860 2469 1911 praecipue

119 1926 267 1955 nomen
298 1915 421 1955 Asiae
458 1926 619 1965 semper
649 1914 920 1954 adhibebatur
950 1915 1000 1953 de
1031 1926 1080 1955 ea
1110 1915 1376 1965 paeninsulae
1406 1920 1535 1965 parte,
1567 1926 1672 1966 quae
1713 1926 1822 1953 anno
1868 1915 1945 1953 129
1976 1926 2010 1954 a.
2043 1913 2134 1953 Chr.
2167 1927 2204 1953 n.
2234 1916 2469 1964 provinciae

120 1973 159 2011 in
196 1971 369 2011 sormam
399 1970 570 2011 redacta
600 1970 839 2010 continebat
868 1969 1085 2022 Phrygiam
1118 1969 1285 2022 Mysiam
1319 1969 1481 2011 Cariam
1513 1971 1679 2023 Lydiam
1711 1982 1803 2010 cum
1840 1970 1993 2010 insulis.
2046 1969 2178 2011 Testis
2220 1974 2283 2010 est
2325 1969 2469 2012 Cicero

118 2040 191 2078 pro
222 2027 373 2066 Flacco
405 2027 472 2075 27,
505 2027 558 2066 65
590 2026 695 2065 Asia
724 2029 862 2065 vestra
892 2029 1053 2066 constat
1083 2040 1103 2065 e
1132 2025 1324 2078 Phryyia
1354 2029 1418 2066 ctt.
1449 2032 1490 2067 et
1520 2039 1592 2077 pro
1618 2026 1745 2067 Deiot.
1771 2026 1835 2075 13,
1853 2026 1906 2065 36
1928 2039 2166 2076 omnemque
2184 2025 2292 2066 hane
2312 2026 2471 2076 Asiam,

120 2095 227 2134 quae
257 2085 317 2122 est
344 2095 456 2123 nunc
484 2084 631 2124 nostra
654 2081 887 2133 provincia.
946 2083 1087 2123 Asiani
1117 2085 1255 2123 autem
1286 2087 1357 2123 aut
1387 2087 1482 2123 sunt
1512 2082 1717 2134 publicani
1747 2082 1802 2122 illi
1824 2081 2091 2134 vectigalibus
2111 2081 2235 2123 Asiae
2260 2081 2469 2134 praefecti,

120 2141 170 2178 de
201 2139 347 2189 quibus
377 2140 414 2178 h.
446 2139 468 2178 l.
500 2151 636 2178 sermo
667 2139 776 2178 haud
808 2138 928 2178 dubie
959 2151 1041 2178 non
1072 2143 1147 2187 est,
1179 2144 1250 2178 aut
1280 2143 1375 2178 sunt
1404 2140 1640 2189 provinciae
1671 2138 1840 2178 incolae.
1890 2138 2028 2178 Facile
2057 2142 2194 2179 autem
2224 2138 2472 2189 intellegitur

120 2207 171 2235 ne
202 2195 384 2245 potuisse
416 2195 577 2246 quidem
608 2193 855 2234 Asianorum
886 2195 1050 2235 nomine
1081 2193 1300 2245 significari
1331 2206 1473 2236 omnes
1503 2195 1627 2235 Asiae
1657 2193 1822 2234 Minoris
1852 2198 2006 2244 gentes.
2075 2193 2180 2234 Nam
2223 2193 2353 2235 divisa
2381 2199 2472 2235 erat

120 2252 221 2291 Asia
263 2251 394 2290 Minor
435 2253 475 2290 in
515 2251 664 2290 multas
707 2251 896 2299 regiones
938 2256 979 2290 et
1021 2252 1205 2290 locorum
1241 2256 1389 2290 natura
1419 2256 1461 2290 et
1490 2263 1709 2300 regnorum
1739 2249 1885 2289 finibus
1916 2255 1956 2289 et
1986 2250 2213 2290 incolarum
2243 2250 2398 2299 origine
2430 2255 2471 2290 et

119 2305 302 2345 moribus
333 2307 439 2345 inter
469 2319 513 2345 se
545 2307 720 2345 maxime
752 2307 936 2344 diversas
949 2308 986 2352 孫).
1046 2306 1185 2356 Itaque
1217 2318 1310 2345 cum
1341 2307 1459 2346 unius
1490 2307 1669 2346 nationis
1699 2306 1878 2355 speciem
1910 2306 2069 2345 incolae
2099 2317 2181 2344 non
2210 2305 2469 2355 praeberent,

121 2363 290 2401 omnino
321 2361 405 2402 fieri
437 2374 519 2401 non
549 2366 724 2412 poterat,
758 2366 802 2400 ut
831 2361 1005 2401 Romani
1036 2367 1179 2412 gentes
1210 2362 1298 2401 illas
1330 2375 1411 2401 uno
1443 2363 1608 2402 nomine
1639 2362 1843 2401 communi
1874 2360 2161 2411 significarent,
2204 2361 2276 2401 sed
2311 2372 2471 2412 semper

119 2418 370 2469 singularum
418 2418 719 2469 provinciarum
765 2417 920 2457 incolas
965 2418 1159 2468 singulari
1204 2429 1347 2458 eorum
1393 2419 1557 2458 nomine
1601 2416 1809 2464 notabant,
1861 2421 1901 2456 et
1951 2417 2009 2456 uti
2052 2416 2265 2470 Bithyniae
2313 2417 2470 2459 incolas

122 2476 333 2526 Bithynos,
368 2473 655 2524 Cappadociae
687 2473 954 2523 Cappadoces
986 2476 1197 2513 nominare
1228 2475 1429 2522 solebant,
1453 2476 1509 2513 ita
1530 2475 1651 2513 Asiae
1673 2474 1828 2512 incolas
1851 2474 2038 2513 Asianos.
2076 2473 2180 2523 Ergo
2203 2472 2468 2525 Cappadoces

118 2536 159 2571 et
190 2530 353 2582 Bithyni
384 2542 467 2569 non
499 2530 631 2569 solum
663 2534 835 2579 possunt
866 2541 958 2568 cum
990 2529 1151 2569 Asianis
1182 2530 1425 2577 enumerari,
1469 2530 1541 2570 sed
1582 2534 1678 2569 sunt
1720 2534 1803 2569 tres
1834 2529 1900 2577 illi,
1933 2540 2026 2569 cum
2056 2530 2207 2580 speciei
2238 2534 2279 2569 et
2308 2531 2470 2580 generis

118 2588 339 2626 discrimen
371 2587 477 2625 inter
508 2597 581 2625 eos
612 2597 695 2624 non
726 2585 967 2633 intercedat,
999 2586 1235 2625 necessario
1267 2586 1480 2636 aequandi.
1540 2586 1656 2635 Quod
1687 2596 1808 2636 quam
1839 2596 1979 2625 verum
2009 2586 2073 2634 sit,
2105 2586 2290 2637 perspice
2315 2597 2470 2637 quaeso

118 2655 168 2682 ex
213 2643 276 2682 his
323 2643 437 2691 locis,
484 2642 553 2681 ubi
599 2642 639 2681 in
686 2641 805 2680 terris
851 2641 1139 2680 enumerandis
1185 2642 1356 2680 eandem
1402 2643 1623 2692 scriptores
1668 2641 1799 2680 secuti
1840 2645 1934 2680 sunt
1969 2642 2183 2689 rationem,
2214 2653 2336 2692 quam
2379 2641 2416 2681 h.
2447 2642 2471 2681 l.

119 2699 319 2739 luvenalis
356 2700 397 2738 in
428 2699 610 2749 gentium
641 2696 892 2737 nominibus:
931 2695 1012 2737 Cic.
1046 2710 1118 2748 pro
1149 2696 1276 2738 Deiot.
1311 2697 1373 2744 13,
1406 2697 1458 2738 37
1490 2697 1534 2738 in
1566 2696 1670 2737 Asia
1705 2694 1966 2747 Cappadocia
1995 2696 2126 2738 Ponto
2162 2696 2310 2737 Cilicia
2340 2696 2470 2747 Syria

119 2755 223 2794 bella
248 2757 492 2806 yesserunt余
523 2753 641 2793 Caes.
663 2753 698 2792 b.
721 2765 755 2793 c.
777 2753 837 2803 ,
861 2753 886 2792 3
917 2766 1111 2803 maynam
1143 2766 1193 2792 ea
1223 2753 1327 2793 Asia
1349 2752 1674 2804 Cycladibusque
1703 2753 1864 2800 insulis,
1902 2751 2095 2803 Corcyra,
2118 2752 2303 2802 Athenis,
2324 2752 2470 2803 Ponto,

121 2810 341 2862 Bithynia,
381 2810 522 2860 Syria,
558 2808 718 2858 Cilicia,
752 2808 967 2857 Phoenice,
999 2810 1185 2861 Aeyypto
1223 2810 1390 2850 classem
1427 2813 1634 2861 coeyerat,
1670 2809 1705 2850 b.
1737 2808 1795 2849 Al.
1825 2809 1892 2858 40,
1924 2809 1949 2848 5
1980 2823 2060 2860 per
2094 2809 2398 2861 Cappadociam
2427 2823 2470 2850 se

118 2868 163 2908 in
194 2867 342 2907 Asiam
373 2867 546 2918 recepit:
578 2867 644 2916 78,
680 2868 697 2906 1
732 2866 794 2906 ita
818 2879 898 2917 per
948 2866 1279 2934 (r'alloslraeciam
1313 2864 1639 2918 Bithyniamque
1682 2866 1727 2905 in
1759 2865 1904 2905 Asiam
1933 2866 2014 2906 iter
2033 2864 2170 2915 facit余
2199 2866 2305 2906 Acta
2329 2866 2471 2936 Apost.

118 2923 240 2972 2,,13
271 2929 305 2963 凌畆
332 2939 598 2969 虜留凌旅虜凌旅僚竜
625 2939 696 2962 僚
726 2924 1038 2976 畆竜凌凌留畚稽盈,
1063 2920 1298 2963 畆故刃隆留畚稽盈熟竜
1335 2925 1400 2963 虜留畚
1431 2920 1724 2971 留留隆凌虜畚稽盈,
1756 2920 1902 2962 畚確熟凌僚
1930 2939 1996 2962 虜留旅
2022 2938 2092 2962 僚僚
2089 2921 2234 2972 畆畚稽盈,
2259 2924 2326 2962 l
2320 2924 2471 2984 粒畚稽盈熟竜

120 2980 186 3018 虜留畚
213 2978 456 3033 留了畚稽盈.
522 2976 670 3019 Confer
701 2979 735 3018 si
767 2977 902 3028 placet
934 2977 975 3018 C
1008 2978 1031 3016 l.
1064 2978 1104 3016 L.
1137 2977 1196 3027 lll,
1229 2978 1323 3027 859,
1356 2979 1450 3027 860,
1485 2978 1580 3027 870,
1613 2978 1695 3018 882
1736 2982 1785 3029 (p
1822 2977 1912 3026 160)
1952 2977 2002 3017 de
2034 2977 2190 3017 colonis
2231 2978 2271 3017 in
2336 2977 2469 3017 aciam

119 3034 315 3085 profectis
347 3046 396 3073 ex
377 3034 527 3111 Asia
559 3033 721 3075 Galatia
752 3034 884 3074 Caria.

328 3146 352 3187 孫)
383 3147 593 3187 Mommsen,
621 3147 742 3179 Roem.
768 3145 895 3181 Gesch.
922 3145 958 3179 V
985 3156 1014 3188 p.
1041 3145 1106 3177 295
1132 3156 1178 3178 ss.
