2640 3438
1284 305 1310 351 8

1087 498 1191 551 Vl.
1228 497 1317 552 55
1352 508 1502 564 qu.

320 600 361 642 ln
392 603 521 643 satira
551 601 601 643 Vl
632 603 725 645 inde
755 615 780 643 a
810 614 930 645 versu
961 604 1015 644 47
1046 616 1190 646 omnes
1221 606 1411 647 mulieres
1442 607 1482 647 in
1518 606 1619 647 urbe
1653 607 1835 647 viventes
1873 607 2105 647 castitatem
2141 606 2304 648 exuisse
2339 610 2461 659 poeta

118 660 310 709 queritur.
371 659 462 698 Jam
495 661 642 710 pergit:

687 714 834 766 Magna
863 718 1003 758 tamen
1033 715 1143 757 fama
1172 724 1235 759 est
1266 718 1478 759 cuiusdam
1509 730 1602 760 rure
1632 723 1803 771 paterno

685 773 872 812 viventis.
900 774 1012 813 vivat
1042 772 1195 824 Gabiis,
1226 779 1271 815 ut
1300 775 1401 814 vixit
1429 776 1471 815 in
1500 787 1614 826 agro,

685 829 796 868 vivat
826 827 1005 878 Fidenis,
1036 834 1078 870 et
1107 831 1240 881 agello
1271 831 1373 871 cedo
1403 835 1587 882 paterno.

687 885 777 936 quis
807 888 947 926 tamen
977 885 1165 927 adfirmat
1194 886 1249 927 nil
1279 891 1417 927 actum
1447 888 1489 927 in
1518 886 1725 929 montibus
1755 891 1827 928 aut
1856 888 1896 928 in

690 941 927 992 speluncis?
957 942 1062 983 adeo
1092 947 1315 983 senuerunt
1344 943 1527 995 Juppiter
1556 948 1597 984 et
1626 943 1766 984 Mars?

319 1006 380 1045 Ad
419 1007 522 1046 haec
562 1008 803 1047 scholiasta:
844 1008 1014 1048 concedo
1055 1011 1094 1048 et
1129 1008 1175 1049 in
1218 1022 1318 1060 ayro
1357 1012 1512 1050 castam
1548 1008 1691 1059 fuisse.
1748 1010 1824 1051 alii
1861 1009 2015 1060 dicunt,
2044 1009 2174 1062 perdo
2213 1022 2360 1062 agrum
2390 1023 2460 1062 eyo

110 1064 348 1112 paternum,
377 1062 415 1101 si
443 1062 559 1102 vivat
587 1062 663 1103 illa
692 1066 809 1103 recte.
869 1063 980 1104 lllam
1011 1065 1323 1116 explicationem
1353 1077 1493 1106 veram
1524 1077 1616 1106 esse
1647 1071 1894 1107 censuerunt
1922 1066 2151 1117 RupertiuS,
2184 1066 2458 1115 Heinrichius,

116 1117 348 1167 TeuffeliuS,
391 1117 767 1159 Haeckermannus.
825 1119 997 1170 Scripsit
1027 1122 1133 1160 enim
1164 1121 1421 1160 Heinrichius
1452 1123 1524 1160 ita:
1638 1158 1655 1175 ‚

1195 1181 1315 1222 Vivat
1345 1180 1498 1231 Gabiis,
1529 1186 1573 1222 ut
1603 1182 1701 1222 vixit
1731 1182 1771 1222 in
1801 1194 1923 1233 agro;

795 1236 914 1276 Vivat
946 1236 1120 1276 Fidenis.
1180 1237 1228 1277 Et
1257 1238 1403 1288 agello,
1435 1238 1551 1287 cedo,
1584 1242 1774 1288 paterno:

793 1292 891 1342 Quis
923 1296 1059 1332 tamen
1090 1292 1263 1332 affirmat
1293 1297 1370 1333 cet.

318 1358 511 1399 Similiter
536 1360 663 1399 ceteri
694 1359 907 1399 ediderunt
937 1364 978 1399 et
1008 1360 1128 1399 vertit
1159 1359 1395 1400 Teuffelius:

618 1416 713 1454 dass
744 1428 820 1454 nur
849 1416 909 1454 sie
940 1416 979 1454 in
1011 1414 1128 1454 Gabii
1160 1416 1266 1455 auch
1298 1416 1379 1455 und
1410 1415 1589 1455 Fidenae

413 1470 545 1518 gleich
576 1471 664 1510 sich
696 1470 872 1521 betragt!
931 1469 1019 1511 Und
1051 1469 1145 1511 sei's
1176 1471 1399 1512 meinthalb
1430 1471 1503 1512 auf
1530 1472 1622 1512 dem
1654 1470 1841 1513 Giitchen
1872 1472 1944 1512 des
1975 1472 2138 1513 Vaters:

412 1525 525 1566 Doch
558 1537 643 1566 wer
673 1525 791 1576 biirgt
822 1527 898 1565 mir
928 1527 1059 1575 datiir,
1092 1527 1188 1566 dass
1219 1527 1355 1566 nichts
1385 1528 1458 1566 auf
1483 1528 1563 1566 den
1593 1528 1749 1577 Bergen
1780 1540 1818 1567 u.
1848 1540 1879 1566 s.
1909 1542 1959 1568 w.

317 1581 543 1621 Arcessunt
574 1584 694 1632 igitur
725 1583 777 1621 ad
808 1582 934 1621 verba
966 1585 1004 1620 ct
1034 1582 1166 1633 aycllo
1197 1583 1292 1622 cedo
1317 1586 1496 1632 paterno
1527 1595 1550 1623 e
1570 1583 1910 1633 praecedentibus
1931 1583 2080 1633 verbis,
2102 1596 2206 1635 quae
2226 1588 2321 1624 sunt
2342 1583 2455 1624 vivat

113 1641 154 1676 et
189 1636 308 1686 vixit,
344 1642 501 1677 mutata
532 1638 662 1678 forma
692 1637 860 1678 verbum
892 1637 950 1677 sic
986 1651 1075 1678 cam
1110 1637 1274 1678 viaeisse.
1332 1638 1387 1678 At
1422 1650 1527 1690 quae
1564 1640 1604 1678 in
1640 1638 1846 1679 montibus
1881 1644 1953 1680 aut
1987 1640 2190 1691 speluncis
2218 1640 2452 1691 pudicitiam

111 1694 331 1743 prostituit,
363 1704 508 1733 eamne
539 1694 770 1745 putabimus
801 1692 841 1734 in
872 1694 1004 1744 agello
1035 1698 1207 1745 paterno
1238 1698 1353 1733 caste
1389 1696 1526 1734 vivere
1565 1695 1718 1744 posse?
1768 1694 1870 1734 Nam
1908 1708 1990 1734 non
2025 1695 2064 1735 id
2100 1697 2318 1746 quaeritur,
2355 1708 2450 1735 num

111 1750 283 1789 honeste
313 1762 358 1788 se
389 1752 563 1798 gesserit
592 1751 726 1800 puella
756 1751 957 1800 quaedam
988 1751 1029 1790 in
1060 1751 1192 1800 agello
1223 1755 1407 1801 paterno,
1438 1750 1511 1791 sed
1541 1763 1636 1790 num
1668 1755 1783 1790 casta
1813 1751 1864 1790 sit
1895 1752 2112 1803 quaeritur.

313 1804 441 1845 Aliter
470 1805 685 1846 incidendo
717 1804 902 1846 Kiaerius
923 1805 994 1856 (De
1015 1817 1205 1846 sermone
1228 1805 1269 1845 D.
1292 1806 1391 1845 lunii
1417 1806 1616 1845 luvenalis
1645 1818 1680 1857 p.
1706 1806 1800 1858 125)
1822 1807 1956 1846 locum
1984 1809 2272 1858 interpretatus
2293 1812 2355 1845 est
2377 1808 2448 1846 ita:

989 1862 1110 1901 Vivat
1140 1861 1293 1910 Gabiis,
1324 1866 1368 1901 ut
1398 1863 1497 1902 vixit
1527 1863 1566 1902 in
1597 1873 1709 1912 agro,

718 1919 829 1957 vivat
860 1918 1035 1958 Fidenis.
1094 1918 1142 1956 Et
1172 1918 1305 1967 agello
1336 1918 1439 1958 cedo
1469 1922 1655 1968 paterno,

718 1974 808 2025 quis
839 1978 978 2014 tamen
1008 1972 1183 2013 affirmat
1213 1973 1267 2012 nil
1297 1977 1434 2014 actum
1464 1974 1505 2012 in
1536 1973 1742 2013 montibus
1773 1978 1825 2013 ct.

110 2033 151 2066 et
181 2029 294 2067 addit
323 2030 442 2068 haec:
473 2029 637 2068 vocibus
668 2033 816 2078 autem,
846 2042 954 2078 qaae
981 2032 1079 2067 sunt
1099 2042 1199 2078 aqro
1214 2032 1405 2078 paterno,
1425 2031 1690 2078 opponuntur
1708 2032 1863 2069 montes
1885 2031 1923 2069 ct
1942 2028 2169 2079 speluncae,
2190 2028 2446 2080 quamobrem

111 2083 165 2123 ad
195 2084 319 2124 cerba
348 2088 412 2133 „et
442 2084 572 2135 aqello
603 2084 697 2124 cedo
722 2086 926 2135 patei-‘nd‘
955 2083 1121 2123 verbum
1151 2086 1259 2134 (cam
1279 2083 1338 2123 sic
1363 2083 1532 2135 vixisse)
1556 2096 1606 2123 cx
1620 2083 1959 2134 praecedentibus
1978 2084 2111 2124 verbis
2130 2088 2291 2125 mutata
2301 2085 2448 2135 forma

109 2139 182 2177 via:
212 2141 500 2180 arcessendam
532 2143 601 2188 est,
632 2140 702 2178 sed
730 2153 846 2178 voces
866 2140 953 2188 „nil
973 2143 1132 2178 actam“
1159 2153 1209 2177 cat
1228 2140 1432 2178 sententia
1453 2140 1639 2188 sequenti
1658 2140 1913 2179 revocandae
1931 2143 2047 2180 sunt:
2068 2143 2106 2180 et
2126 2141 2255 2191 ayello
2270 2144 2447 2190 paterno

109 2195 172 2234 nil
201 2199 337 2235 actam
368 2196 487 2244 eedo‚·
517 2196 610 2246 qais
642 2199 776 2235 tamen
808 2194 1000 2245 affirmat
1028 2194 1074 2235 in
1103 2194 1307 2236 montibus
1338 2197 1412 2235 aat
1440 2194 1484 2235 in
1515 2193 1720 2245 speluncis
1748 2193 1810 2235 nil
1840 2194 2004 2236 actam?
2042 2197 2080 2236 et
2103 2198 2199 2246 post
2226 2198 2450 2247 ,.patei·no“

108 2263 194 2292 tnon
224 2254 380 2303 puncto
417 2251 488 2292 sed
525 2253 720 2292 commate
754 2250 884 2291 incidi
918 2250 1042 2291 debet.
1106 2251 1185 2292 Sed
1222 2252 1330 2303 quod
1366 2252 1449 2290 ruri
1484 2251 1581 2290 dicit
1619 2252 1768 2302 opponi
1807 2256 1967 2291 montes
2006 2256 2048 2290 et
2087 2252 2315 2302 speluncas,
2358 2264 2450 2291 cum

108 2307 272 2347 Kiaerio
311 2309 447 2348 saccre
486 2321 568 2347 non
598 2320 832 2358 possumus:
873 2321 966 2347 nam
997 2320 1156 2347 summa
1186 2310 1310 2347 totius
1340 2308 1419 2348 loci
1451 2309 1490 2347 in
1522 2320 1571 2347 eo
1602 2312 1802 2356 versatur,
1834 2307 1942 2358 quod
1972 2308 2054 2348 ruri
2091 2308 2308 2359 opponitur
2337 2307 2454 2357 urbs;

107 2376 234 2403 voces
270 2369 407 2405 autem
444 2364 489 2403 in
526 2363 730 2404 montibus
767 2365 842 2403 aut
875 2363 921 2403 in
956 2362 1159 2413 speluncis
1194 2367 1289 2404 sunt
1325 2363 1633 2404 circumlocutio
1670 2374 1775 2415 quae
1811 2367 1984 2403 vocatur
2013 2364 2201 2404 vocabuli
2232 2364 2345 2405 clam.
2406 2365 2448 2404 ln

105 2420 228 2469 agris
274 2421 405 2471 inquit
434 2424 569 2469 poeta,
615 2420 682 2458 ubi
715 2420 871 2458 vicinus
902 2420 1023 2458 vicini
1054 2431 1188 2458 mores
1219 2419 1425 2467 observat,
1457 2420 1497 2457 in
1528 2419 1656 2457 oculis
1678 2420 1885 2458 hominum
1907 2424 2045 2458 castas
2067 2431 2112 2459 se
2131 2431 2223 2460 esse
2243 2420 2447 2467 simulant,

107 2475 213 2513 clam
246 2475 522 2525 voluptatibus
554 2475 740 2514 fruuntur
770 2474 977 2515 Venereis.
1035 2474 1257 2514 Praeterea
1287 2475 1508 2525 quaeritur,
1540 2474 1635 2525 quid
1664 2474 1741 2514 sibi
1772 2473 1898 2514 velint
1926 2473 2052 2515 verba
2081 2473 2196 2514 vivat
2219 2473 2373 2525 Gabiis,
2402 2478 2449 2515 ut

108 2529 215 2569 viavit
242 2529 288 2571 in
319 2543 432 2581 affro,
463 2529 578 2570 vivat
606 2528 792 2569 Fidenis,
852 2529 970 2569 Patet
1000 2530 1062 2569 his
1091 2529 1226 2572 verbis
1257 2529 1465 2571 Kiaerium
1496 2529 1717 2581 postulare,
1748 2533 1793 2568 ut
1821 2531 2052 2570 castitatem
2080 2531 2214 2580 puella
2233 2542 2277 2570 re
2297 2531 2451 2582 probet.

106 2586 159 2624 At
189 2599 284 2625 num
325 2587 477 2637 aliquid
508 2591 720 2636 praestare
749 2585 910 2625 videtur
940 2597 1045 2636 quae
1075 2587 1114 2625 in
1144 2598 1270 2636 parvo
1301 2587 1462 2636 oppido,
1493 2585 1562 2625 ubi
1592 2586 1725 2625 minus
1755 2596 1891 2625 mores
1921 2597 2041 2636 quam
2072 2587 2113 2626 in
2142 2586 2243 2627 urbe
2269 2587 2448 2638 corrupti

105 2646 214 2691 sunt,
255 2646 370 2683 caste
410 2641 550 2682 vivat‘?
609 2640 652 2680 Si
692 2640 819 2680 verba
858 2640 973 2680 vivat
1016 2640 1172 2689 Gabiis,
1210 2643 1258 2680 ut
1293 2640 1401 2680 vixit
1434 2640 1480 2680 in
1517 2652 1630 2691 aqro,
1667 2640 1782 2679 vivat
1809 2639 1985 2679 Fidenis
2013 2646 2164 2691 puncto
2194 2643 2328 2693 posito
2358 2643 2448 2681 sine

104 2698 240 2737 verbis
273 2701 311 2737 et
340 2698 470 2747 aqello
493 2698 587 2737 cedo
612 2700 792 2747 patemo
822 2698 1021 2736 enuntiati
1052 2697 1144 2736 loco
1176 2696 1390 2745 habentur,
1421 2709 1503 2736 non
1534 2699 1802 2746 expectantur
1831 2697 1996 2736 nomina
2017 2697 2254 2748 oppidorum
2275 2697 2448 2746 illorum,

103 2754 176 2793 sed
206 2767 332 2794 unum
352 2754 507 2795 Romae
537 2765 697 2795 nomen.
748 2751 969 2793 Praeterea
991 2752 1395 2808 animadvertendum
1431 2756 1495 2792 est
1515 2751 1641 2793 verbo
1662 2750 1846 2801 cedendi,
1868 2751 1975 2803 quod
1997 2753 2036 2792 in
2057 2754 2193 2793 satiris
2214 2753 2448 2805 quindecies

103 2810 319 2860 invenitur,
360 2822 560 2862 nusquam
600 2813 764 2861 poetam
807 2810 864 2849 ita
904 2822 1022 2849 usum
1062 2820 1167 2857 esse,
1208 2813 1252 2847 ut
1291 2810 1343 2847 sit
1380 2821 1454 2859 pro
1494 2807 1619 2847 verbo
1659 2808 1923 2857 concedendi,
1963 2821 2095 2861 neque
2132 2810 2258 2850 ceteri
2288 2813 2448 2860 poetae,

103 2867 210 2915 quod
230 2869 373 2914 sciam,
406 2867 577 2905 cedendi
609 2865 778 2905 verbum
810 2878 883 2916 pro
906 2864 1159 2905 concedendi
1189 2869 1446 2916 usurparunt.
1483 2863 1525 2903 ln
1547 2863 1703 2904 Horatii
1724 2863 1904 2915 epistulis
1925 2864 1983 2917 (11.
2008 2866 2041 2906 1.
2063 2864 2117 2906 66
2137 2878 2168 2906 s.
2190 2865 2227 2906 si
2246 2864 2449 2916 quaedam

100 2920 227 2963 m‘mis
257 2920 439 2973 antique,
480 2920 517 2962 si
540 2920 743 2973 pleraque
770 2920 875 2961 dure
905 2919 1058 2960 Dicere
1088 2919 1217 2959 credit
1247 2931 1324 2969 eos,
1353 2919 1503 2970 iqnave
1522 2919 1653 2958 multa
1673 2918 1852 2968 fatetur:
1881 2920 1939 2958 Et
1957 2921 2078 2971 sapit.
2099 2924 2138 2959 et
2156 2934 2310 2960 mecum
2330 2920 2447 2970 facit,

102 2981 141 3017 et
179 2978 279 3018 Iove
314 2979 474 3018 iudicat
523 2980 669 3029 aequo)
710 2978 921 3017 Bentleius
972 2990 1044 3027 pro
1091 2976 1236 3025 credit,
1279 2977 1387 3026 quod
1426 2980 1490 3017 cst
1538 2977 1577 3015 in
1616 2976 1741 3024 libris,
1778 2974 1958 3018 scribere
1994 2976 2135 3018 maluit
2171 2976 2277 3018 cedit
2311 2975 2446 3018 allatis

100 3034 377 3086 compluribus
421 3036 518 3075 iuris
564 3033 844 3074 consultorum
889 3034 1001 3074 locis.
1071 3031 1152 3074 Sed
1196 3032 1298 3073 locis
1337 3031 1414 3072 illis
1454 3030 1622 3072 verbum
1661 3031 1832 3073 cedendi
1878 3032 1984 3073 idem
2028 3033 2136 3074 valet
2181 3045 2230 3074 ac
2277 3031 2445 3074 verbum

99 3090 373 3141 permittendi,
418 3102 500 3130 non
544 3094 608 3131 est
652 3090 757 3129 idem
802 3094 926 3141 atque
970 3094 1011 3129 in
1055 3089 1302 3140 disputando
1347 3089 1444 3129 darc
1488 3089 1723 3128 adversario
1768 3089 1918 3139 aliquid
1950 3088 2013 3129 ‘ex
2053 3091 2115 3138 iis,
2155 3101 2260 3140 quae
2302 3090 2468 3128 contra

97 3147 179 3186 dici
228 3158 371 3197 posse.
399 3147 485 3197 ipse
535 3150 686 3186 censet.
764 3145 813 3184 Et
862 3149 1101 3186 manserunt
1150 3145 1327 3186 editores
1378 3145 1417 3184 in
1467 3144 1653 3185 codicum
1710 3144 1899 3194 lectione,
1955 3144 2114 3186 Bentlei
2162 3146 2443 3185 coniecturam

100 3204 231 3243 secuti
262 3214 343 3243 non
374 3206 479 3243 sunt.
