2640 3438
1309 221 1335 272 ζ)

346 364 462 419 Quae
490 377 583 407 cum
612 365 670 406 ita
697 365 791 413 sint,
822 364 925 406 haec
953 364 1202 406 scholiastae
1229 364 1446 416 explicatio
1482 363 1642 404 videtur
1675 363 1927 415 repudianda
1959 368 2066 414 esse,
2102 366 2339 416 praesertim
2377 370 2471 407 cum

147 425 252 466 adeo
280 436 362 464 non
392 423 609 474 quicquam
637 421 865 462 concedere
893 425 1016 471 poeta
1043 421 1194 461 habeat
1221 420 1262 461 in
1291 422 1440 469 animo,
1478 424 1522 460 ut
1558 421 1636 460 hoc
1673 420 1764 460 loco
1800 421 1858 460 ita
1894 424 1937 460 ut
1972 426 2060 461 tota
2094 421 2220 461 satira
2255 422 2470 463 virtutibus

147 479 267 532 plane
296 488 438 518 carere
467 475 638 517 seminas
667 476 790 516 dicat.

346 537 527 578 Alteram
555 540 706 586 autem,
737 547 842 588 quae
871 540 934 577 est
957 535 1087 587 perdo
1118 548 1265 589 aprum
1295 548 1365 587 eqo
1379 537 1615 588 paternum,
1638 535 1675 575 si
1694 535 1809 576 vivat
1827 535 1902 576 illa
1922 538 2039 585 recte,
2067 547 2183 576 suam
2204 534 2300 578 feeit
2319 537 2469 588 primus

149 593 301 635 Weber
339 598 380 634 et
416 603 508 632 eum
538 593 668 633 secuti
698 596 794 632 sunt
821 591 984 632 Iahnius
1013 592 1269 633 Hermannus
1300 591 1505 632 Weidner.
1564 591 1736 643 Scripsit
1767 593 1888 642 igitur
1917 593 1993 631 ita:

748 647 895 698 Magna
923 652 1061 689 tamen
1090 647 1199 689 fama
1227 652 1291 689 est
1321 647 1531 689 cuiusdam
1560 659 1654 689 rure
1683 652 1855 700 paterno

751 704 939 744 viventis:
968 704 1080 744 vivat
1109 702 1261 753 Gabiis,
1289 708 1334 744 ut
1362 704 1461 744 vixit
1490 704 1530 744 in
1559 715 1674 755 agro,

750 760 862 800 vivat
890 759 1064 809 Fidenis,
1094 764 1137 800 ct
1163 760 1295 811 agello
1325 760 1427 800 cedo
1456 765 1635 811 paterno.

752 816 850 866 Quis
879 820 1017 856 tamen
1047 820 1124 856 cet.

350 887 514 929 Addidit
532 891 670 928 autem
690 887 809 928 haec:
841 885 1006 928 Etenim
1034 885 1158 928 verba
1185 890 1251 938 „et
1269 887 1397 940 aqello
1422 888 1515 929 cedo
1529 890 1732 939 paterno“
1758 885 1909 927 habent
1927 898 2101 937 sensum,
2122 899 2170 927 ac
2194 899 2270 927 nos
2284 886 2479 928 dicimus:

148 944 237 985 und
263 943 328 985 ich
355 946 463 984 setze
490 943 598 984 mein
626 942 866 983 vdterliches
898 941 1095 992 Gutchen,
1124 944 1232 984 mein
1261 943 1419 985 Drbtez‘l
1446 945 1592 984 daran.
1655 943 1807 984 Cedere
1829 946 2000 993 praeter
2028 942 2235 993 sorensem
2260 956 2391 993 usum,
2427 948 2477 984 ut

149 1001 243 1051 foro
272 1000 421 1049 cedere,
450 999 589 1039 cedere
617 998 744 1047 bonis,
771 998 847 1039 illa
876 1011 1035 1049 quoque
1062 998 1364 1050 significatione
1391 1000 1613 1041 invenitur.
1672 999 1775 1041 Suet
1801 997 1901 1039 Ner.
1931 1011 1961 1039 c.
1990 999 2069 1038 35:
2097 999 2317 1049 „Senecam
2349 1012 2474 1051 prae-

149 1059 347 1108 ceptorem
377 1055 431 1095 ad
459 1067 594 1095 necem
624 1053 834 1105 compulit:
865 1054 1051 1105 quamvis
1073 1067 1194 1106 saepe
1213 1058 1477 1096 commeatum
1495 1055 1655 1106 petenti
1674 1054 1871 1105 bonisque
1890 1054 2046 1094 cedenti
2059 1058 2276 1105 persancte
2296 1056 2475 1096 iurasset

148 1114 379 1162 suspectum
416 1123 459 1150 se
497 1110 661 1160 frustra
693 1110 1008 1160 periturumque
1036 1123 1079 1149 se
1101 1111 1243 1161 potius
1272 1124 1393 1162 quam
1423 1111 1656 1152 nociturum
1689 1110 1760 1150 ei.“
1831 1109 2046 1149 Sententia
2088 1110 2218 1161 ὁρίων
2256 1110 2356 1151 haec
2393 1114 2473 1151 est:

148 1166 348 1207 Fortasse
383 1166 575 1207 mulieres
613 1178 713 1206 rure
753 1164 886 1206 adhuc
918 1165 1068 1216 pudice
1104 1166 1276 1216 vivunt,·
1309 1166 1378 1207 sed
1407 1166 1552 1207 vivant
1584 1165 1729 1206 Gabiis
1759 1167 1798 1206 et
1825 1163 2000 1205 Fidenis
2038 1165 2225 1216 quamvis
2253 1166 2401 1217 parvis
2437 1169 2476 1206 et

148 1222 330 1272 desertis,
370 1225 409 1262 et
445 1222 482 1262 si
519 1221 747 1262 castitatem
783 1221 852 1271 ibi,
890 1224 939 1261 ut
973 1221 1070 1271 illic,
1105 1222 1324 1272 servarint,
1355 1222 1519 1262 tradam
1540 1225 1724 1273 paterna
1757 1221 1873 1261 bona.
1932 1221 1999 1260 Ad
2031 1224 2253 1262 eoetremum
2281 1222 2336 1271 id,
2365 1222 2474 1272 quod

150 1281 275 1318 antea
312 1280 574 1326 concesserat,
613 1278 813 1317 correxit:
845 1279 1066 1328 praeterea
1103 1277 1195 1328 quis
1233 1277 1434 1328 affirmat,
1470 1277 1587 1318 illam
1623 1278 1670 1317 in
1706 1290 1807 1329 aqro
1835 1273 1944 1317 nihil
1972 1275 2117 1327 fecisse
2144 1277 2375 1328 impudici?
2431 1278 2473 1318 ln

148 1334 320 1375 candem
350 1334 593 1374 sententiam
625 1332 869 1373 vocabulum
898 1333 1068 1374 cedendi
1097 1334 1378 1385 accipiendum
1407 1338 1471 1374 est
1506 1332 1588 1375 Cic.
1619 1333 1684 1374 off.
1714 1333 1757 1373 11.
1787 1332 1852 1372 23.
1883 1331 1937 1372 82
1975 1335 2024 1372 ut
2045 1333 2264 1383 pecuniam
2294 1332 2475 1384 accipere

147 1390 329 1438 mallent,
351 1388 675 1440 possessionibus
705 1388 900 1428 cederent.
957 1388 1014 1429 De
1043 1400 1088 1429 re
1117 1390 1384 1439 grammatica
1410 1394 1549 1430 autem
1577 1389 1676 1430 nihil
1705 1393 1781 1437 est,
1812 1389 1923 1440 quod
1951 1388 2222 1430 offendamur:
2258 1390 2299 1429 in
2338 1389 2472 1430 verbis

148 1446 225 1486 illis
254 1445 370 1485 vivat
401 1444 556 1494 Gabiis,
585 1444 700 1484 vimt
717 1442 892 1484 Fidenis
921 1445 1204 1484 coniunctivus
1233 1445 1378 1485 modus
1406 1449 1473 1485 est
1500 1457 1575 1496 pro
1604 1445 1845 1496 imperativo
1874 1445 1943 1484 illo
1974 1446 2151 1494 protasis
2180 1445 2470 1485 condicionalis

147 1502 283 1541 locum
312 1506 492 1549 tenente;
521 1502 629 1540 hunc
658 1501 841 1551 sequitur
869 1501 1061 1550 apodosis
1089 1501 1289 1551 particula
1319 1503 1358 1540 et
1385 1501 1556 1549 adnexa,
1596 1513 1717 1551 quam
1754 1501 1896 1551 optimi
1934 1501 2156 1551 scriptores
2193 1500 2307 1541 latini
2339 1501 2471 1542 solent

147 1569 220 1607 per
257 1556 486 1607 asyndeton
523 1553 632 1607 quod
671 1555 819 1595 dicitur
857 1555 921 1595 vel
959 1555 1166 1606 particulis
1205 1554 1303 1605 iam,
1339 1558 1424 1596 tum
1461 1556 1681 1607 adiungere
1718 1556 1788 1605 ita,
1819 1560 1865 1596 ut
1902 1560 2086 1607 tempore
2125 1555 2259 1597 futuro
2298 1560 2473 1597 utantur.

149 1612 354 1652 Particula
393 1613 432 1651 et
468 1615 606 1651 autem
644 1614 686 1650 et
722 1614 905 1661 tempore
944 1611 1149 1661 praesenti
1179 1609 1324 1652 Cicero
1362 1613 1448 1663 ipse
1483 1623 1644 1663 quoque
1672 1613 1798 1652 utitur
1827 1611 1885 1651 De
1914 1623 1959 1651 re
1988 1611 2095 1662 publ.
2124 1612 2150 1651 1.
2181 1611 2248 1652 38.
2275 1612 2332 1651 60
2369 1612 2474 1651 addc

149 1667 384 1715 avaritiam,
424 1666 529 1706 adde
563 1665 739 1717 imperii,
778 1666 883 1706 adde
916 1665 1078 1716 yloriae
1116 1666 1391 1717 cupiditatem,
1430 1666 1535 1707 adde
1572 1666 1782 1707 libidines:
1822 1670 1861 1706 et
1891 1666 1998 1707 illud
2032 1667 2155 1717 vides,
2183 1667 2221 1706 si
2248 1667 2294 1707 in
2323 1667 2473 1707 animis

147 1722 356 1764 hominum
385 1722 523 1775 reqale
550 1722 606 1762 im
638 1721 768 1763 crium
796 1720 862 1772 sit,
891 1721 1018 1763 unius
1046 1720 1139 1773 fore
1166 1721 1434 1773 dominatum,
1463 1722 1624 1764 consilii
1652 1722 1812 1764 scilicet.
1870 1721 2140 1764 Coniunctivo
2173 1724 2299 1764 utitur
2327 1722 2470 1763 Cicero

149 1780 311 1819 Tuscul.
340 1779 366 1818 1.
397 1779 464 1818 22.
492 1779 542 1817 51
622 1790 691 1817 aec
719 1781 910 1828 reputent
936 1778 1018 1827 isti,
1048 1779 1120 1828 qui
1150 1808 1158 1817 .
1189 1793 1221 1818 .:
1251 1778 1455 1818 videbunt.
1527 1779 1643 1829 Apud
1663 1781 1793 1829 ipsum
1814 1779 1894 1818 luv.
1914 1779 2079 1819 xv129
2109 1792 2162 1819 ss.
2182 1780 2375 1829 seriptum
2395 1784 2473 1819 est:

150 1835 229 1883 „da
250 1837 412 1874 testem‘·‘
440 1833 568 1875 iudex
603 1847 693 1875 eum
722 1833 888 1883 dixerit,
918 1834 1071 1874 audeat
1097 1833 1167 1874 ille
1195 1834 1329 1875 nescio
1359 1834 1452 1886 quis
1474 1847 1638 1887 puynos
1667 1834 1739 1886 qui
1766 1833 1882 1884 vidit,
1912 1833 2045 1875 dicere
2074 1833 2218 1885 „vidi‘g
2248 1836 2286 1874 et
2314 1833 2474 1875 credam

148 1891 318 1941 (lienum
348 1888 475 1929 barba
503 1890 753 1941 diynumquc
782 1889 942 1940 capillis
970 1890 1186 1931 maiorum.

348 1945 436 1985 Nec
480 1957 578 1986 vero
622 1946 717 1996 quid
757 1945 935 1985 offendat
978 1947 1019 1985 in
1062 1946 1141 1985 hac
1184 1946 1453 1998 explicatione
1496 1946 1663 1986 tacebo:
1707 1948 1852 1986 mirum
1898 1951 1973 1995 est,
2019 1946 2127 1998 quod
2173 1945 2472 1998 subsequuntur

148 2002 394 2042 mentionem
424 2002 529 2041 ruris
558 2002 716 2052 paterni
745 2006 786 2041 et
815 2001 914 2052 agri,
946 2001 1014 2042 ubi
1044 2006 1230 2043 versatur
1252 2002 1398 2054 puella,
1420 2002 1622 2044 vocabula
1644 2001 1772 2053 aqello
1788 2005 1965 2053 paterno
1991 2002 2042 2043 de
2065 2002 2157 2043 villa
2183 2007 2328 2054 poetae
2348 2003 2471 2055 ipsius

148 2056 397 2108 accipienda.
456 2055 609 2097 Contra
636 2057 673 2096 si
703 2056 906 2096 vocabula
935 2056 1065 2108 aqello
1089 2059 1267 2107 paterno
1297 2058 1347 2098 de
1376 2059 1535 2109 puellae
1564 2058 1663 2098 sede
1691 2063 1831 2097 essent
1859 2058 2111 2108 accipienda,
2148 2070 2229 2097 non
2266 2058 2472 2107 intellege-

148 2125 297 2160 remus,
339 2124 412 2151 cur
450 2112 580 2151 torma
619 2112 686 2151 illa
725 2123 830 2162 quae
869 2112 1016 2152 dicitur
1056 2112 1294 2154 diminutiva
1322 2119 1444 2165 poeta
1473 2126 1572 2155 usus
1602 2115 1677 2163 sit;
1706 2115 1857 2164 optime
1886 2118 2023 2154 autem
2054 2115 2139 2165 ipse
2169 2118 2289 2165 poeta
2319 2124 2417 2164 agro
2447 2125 2472 2153 a

148 2171 265 2219 patre
302 2166 526 2209 hereditate
566 2170 736 2218 accepto
773 2166 869 2207 dicit
908 2168 1005 2208 nihil
1044 2167 1121 2208 sibi
1162 2179 1255 2211 esse
1294 2170 1442 2210 carius.
1506 2169 1677 2210 Videtur
1718 2170 1838 2221 igitur
1876 2170 2088 2221 scripsisse
2126 2174 2246 2220 poeta
2277 2180 2356 2208 non
2386 2170 2473 2207 sine

149 2224 323 2276 quadam
355 2225 551 2263 orationis
581 2223 854 2272 neglegentia:

884 2277 1004 2320 Vivat
1033 2278 1185 2331 Gabiis,
1216 2284 1261 2322 ut
1289 2281 1389 2323 vixit
1421 2281 1463 2322 in
1492 2293 1605 2333 agr0,

617 2336 727 2375 vivat
756 2334 933 2384 Fidenis,
963 2341 1004 2376 et
1033 2337 1165 2388 agello
1195 2338 1298 2378 cedo
1327 2343 1509 2389 paterno.

617 2393 714 2440 Quis
744 2396 880 2430 tamen
910 2391 1094 2431 adfirmat
1125 2392 1179 2431 nil
1209 2398 1347 2432 actum
1378 2395 1419 2433 in
1448 2393 1653 2433 montibus
1684 2399 1754 2433 aut
1794 2395 1833 2433 in
1864 2394 2099 2444 speluncis?

1129 2547 1233 2602 Vl.
1267 2545 1385 2603 69.
1419 2557 1471 2602 s,

1602 2617 1739 2655 tristes

766 2683 981 2723 personam
1011 2672 1272 2724 thyrsumque
1302 2675 1441 2713 tenent
1470 2675 1511 2712 et
1539 2670 1720 2722 subligar
1749 2669 1861 2712 Acci.

348 2726 460 2769 Haec
489 2727 654 2780 vulgata
683 2727 805 2769 lectio
835 2731 907 2768 est.
965 2726 1092 2768 Poeta
1120 2731 1276 2768 autem:
1313 2726 1493 2775 Summa,
1524 2727 1664 2778 inquit,
1695 2725 1867 2767 stultitia
1910 2731 1973 2767 est
2003 2727 2161 2775 Ursidii,
2197 2728 2265 2778 qui
2303 2739 2472 2767 uxorem

148 2792 306 2825 castam
341 2790 383 2824 et
418 2785 605 2835 pudicam
644 2787 803 2836 quaerit
839 2786 902 2824 his
940 2784 1202 2836 temporibus,
1241 2783 1385 2835 quibus
1424 2782 1626 2834 pudicam,
1668 2795 1760 2822 cum
1799 2794 1941 2823 omnes
1980 2794 2085 2835 quae
2122 2783 2163 2824 in
2201 2781 2301 2826 urbe
2330 2783 2470 2824 vivunt

148 2841 336 2881 mulieres
381 2841 613 2882 castitatem
656 2841 856 2890 exuerint,
899 2852 1020 2882 nemo
1064 2841 1241 2892 reperire
1284 2842 1429 2892 potest.
1500 2837 1669 2879 Discunt
1712 2838 1921 2879 lasciviam
1965 2839 2006 2879 in
2042 2838 2147 2878 ludis
2183 2839 2384 2880 scaenicis
2419 2839 2473 2879 ab

148 2895 411 2935 histrionibus
455 2900 498 2935 et
540 2898 799 2948 pantomimis
842 2897 962 2948 idque
1006 2907 1056 2935 eo
1101 2897 1233 2943 citiuS,
1279 2908 1359 2946 quo
1403 2895 1557 2934 maiore
1599 2894 1641 2933 hi
1683 2899 1771 2933 arte
1810 2906 1877 2933 res
1920 2894 2148 2934 obscaenas
2199 2894 2389 2934 saltando
2431 2901 2474 2935 et

147 2951 428 3002 gesticulando
470 2952 513 2992 in
551 2964 704 2992 scaena
738 2953 967 3004 exprimunt
1006 2964 1167 3005 quoque
1206 2950 1362 2993 facilius
1410 2949 1620 2992 discuntur
1658 2959 1763 3002 quae
1811 2947 1941 2991 oculis
1985 2946 2263 2991 subiiciuntur.
2323 2948 2473 2992 Ledam

147 3008 315 3060 eiusque
364 3018 527 3048 amores
576 3019 670 3048 cum
713 3008 933 3049 saltatione
973 3009 1160 3062 exprimit
1203 3007 1424 3061 Bathyllus,
1468 3007 1647 3048 omnium
1697 3006 1937 3046 saltatorum
1991 3006 2299 3055 famosissimus,
2350 3008 2474 3047 etiam

147 3064 403 3103 castissimae
430 3064 607 3113 virgines
637 3065 799 3105 discunt
828 3065 1117 3116 impudicitiam
1141 3064 1406 3116 libidinesque
1425 3074 1620 3104 venereas
1642 3063 1885 3113 concipiunt.
1926 3061 2059 3102 Tanta
2077 3067 2215 3103 autem
2235 3061 2476 3104 feminarum

148 3124 209 3159 est
240 3124 282 3159 et
310 3123 589 3159 matronarum
619 3124 660 3160 et
691 3121 889 3170 virginum
920 3121 1168 3171 impudicitia
1197 3126 1239 3160 et
1259 3120 1475 3168 dementia,
1505 3120 1610 3158 utin
1629 3118 1893 3158 histrionibus
1915 3118 2161 3159 citharoedis
2182 3117 2475 3169 gladiatoribus
