2640 3438
1163 600 1257 655 111.
1293 599 1450 656 322.

677 717 775 758 ergo
804 706 895 746 vale
926 707 1056 751 nostri
1084 718 1253 759 memor,
1284 712 1327 749 et
1354 709 1541 761 quotiens
1570 712 1611 751 te

678 762 807 802 Roma
836 764 906 803 tuo
936 763 1047 803 refici
1077 769 1362 816 properantem
1392 765 1534 807 reddet
1563 764 1738 816 Aquin0,

677 829 743 859 me
771 830 933 870 quoque
961 818 1014 861 ad
1034 818 1245 862 Helvinam
1267 818 1458 862 Cererem
1478 823 1735 871 vestramque
1766 819 1934 863 Dianam
2387 819 2470 859 320

677 878 872 916 converte
901 886 927 917 a
957 872 1106 917 Cumis,
1135 878 1367 918 saturarum
1396 887 1486 927 ege,
1517 876 1558 917 ni
1587 875 1710 928 pudet
1739 876 1841 925 illas,

678 929 839 970 auditor
868 930 1023 981 gelidos
1052 932 1213 974 veniam
1244 932 1444 983 caligatus
1474 932 1515 973 in
1544 943 1677 981 agros.

142 997 186 1039 ln
215 1007 336 1037 versu
367 994 448 1037 322
478 995 655 1037 editores
685 1007 810 1049 prope
840 1007 981 1038 omnes
1011 997 1164 1040 reiecta
1194 997 1348 1039 codicis
1378 998 1519 1051 optimi
1548 997 1736 1043 lectione,
1768 1009 1871 1049 quae
1901 1002 1965 1039 est
1994 998 2173 1047 auditor,
2214 1010 2307 1040 cum
2337 998 2470 1039 altera

146 1052 329 1094 eiusdem
360 1051 516 1091 codicis
545 1063 669 1091 manu
697 1055 739 1091 et
768 1051 879 1091 libris
918 1052 1172 1103 interpolatis
1202 1053 1382 1097 scribere
1421 1053 1651 1096 maluerunt
1684 1053 1862 1094 adiutor.
1922 1054 1969 1095 Et
2007 1055 2102 1106 quid
2142 1055 2208 1102 sit,
2250 1066 2324 1095 cur
2362 1055 2468 1095 hane

146 1109 363 1150 lectionem
403 1107 680 1159 praetulerint,
712 1119 763 1149 ex
801 1108 850 1148 iis
887 1109 1063 1150 maxime
1106 1109 1253 1158 elucet,
1298 1121 1403 1161 quae
1446 1109 1498 1150 de
1543 1109 1621 1150 hoe
1665 1109 1757 1150 loco
1801 1109 2107 1161 disputaverunt
2151 1109 2397 1151 Ribbeckius
2428 1115 2468 1151 et

145 1164 366 1205 Weidner&
396 1164 465 1204 llle
494 1164 601 1203 enim
632 1165 673 1203 in
702 1163 953 1215 praefatione
982 1165 1172 1206 editionis
1203 1165 1359 1219 (1859):
1391 1165 1560 1206 adiutor
1590 1168 1725 1205 tamen
1760 1165 1829 1205 ille
1862 1168 2102 1206 saturarum
2137 1165 2339 1218 caliqatas
2369 1166 2469 1217 qnid

143 1220 221 1261 sibi
257 1219 387 1270 vellet,
426 1219 595 1260 minime
634 1219 927 1261 intellexerunt
964 1220 1223 1272 interpretes,
1263 1221 1433 1263 ridiculi
1464 1221 1572 1263 enim
1607 1220 1796 1273 profecto
1837 1224 1951 1271 sum,
1993 1222 2064 1273 qai
2106 1221 2203 1263 bene
2244 1222 2466 1263 calceatum

147 1276 315 1317 incitato
345 1288 468 1316 cursu
499 1275 553 1316 ad
582 1275 770 1316 carmina
799 1275 1039 1317 adiuvanda
1067 1289 1111 1317 se
1134 1280 1456 1329 properaturum
1493 1277 1692 1330 spondere
1737 1276 1984 1318 Umbriciam
2009 1278 2253 1329 putaverint
2280 1310 2288 1318 .
2319 1309 2327 1318 .
2358 1310 2366 1318 .
2396 1291 2469 1318 nec·

145 1332 309 1373 omnino
339 1331 558 1382 qaisquam
587 1331 789 1383 caligatus
817 1331 970 1372 dicitur
997 1332 1080 1373 nisi
1108 1333 1225 1375 miles
1252 1332 1504 1383 inferiorum
1535 1332 1714 1385 equestri
1742 1333 1895 1373 militia
1936 1333 2152 1373 ordinum:
2193 1347 2272 1384 qao
2312 1335 2469 1384 eqreqie

146 1387 338 1440 quadrat,
368 1387 476 1438 quod
497 1387 620 1429 etiam
651 1387 930 1437 „adiutorem
959 1388 1070 1429 velat
1097 1388 1303 1438 ‚‚tribzmi“
1332 1388 1472 1439 (3462
1504 1388 1590 1439 Or.)
1620 1388 1802 1429 militare
1830 1401 1981 1430 munus
2011 1402 2094 1429 esse
2123 1389 2266 1430 docent
2294 1389 2467 1440 inscrip-

149 1444 290 1483 tiones.
320 1442 448 1493 Atqui
477 1442 648 1482 militem
678 1445 716 1482 et
742 1442 878 1493 ipsum
897 1442 1038 1494 fuisse
1060 1443 1299 1485 Iuvenalem
1329 1447 1505 1484 testatur
1534 1444 1679 1484 titulus
1709 1444 1821 1494 apud
1851 1444 2149 1485 Mommsenum
2177 1445 2315 1495 (inser.
2340 1444 2469 1495 Neap.

143 1499 284 1549 4312).
316 1498 510 1539 Weidner
538 1499 702 1549 scripsit
737 1499 860 1539 haec:
900 1499 1103 1549 caliqatus
1132 1531 1141 1539 .
1171 1531 1179 1539 .
1218 1500 1357 1540 devitet
1391 1499 1575 1551 zicyleich
1615 1513 1683 1549 an,
1724 1500 1821 1539 dass
1861 1500 1936 1539 der
1976 1499 2150 1540 Dichter
2192 1501 2281 1540 eine
2323 1499 2471 1540 ho‘here

143 1552 409 1594 militarische
448 1553 603 1604 Wiirde,
632 1553 708 1593 das
737 1553 1107 1605 Leqionstribmzat
1134 1554 1285 1595 besitet.
1344 1554 1519 1605 Fingunt
1548 1555 1669 1606 igitur
1703 1555 1945 1607 interpretes
1984 1555 2230 1596 Umbricium
2267 1556 2469 1597 dicentem

145 1622 191 1651 se
221 1610 337 1661 quasi
367 1610 595 1650 adiutorem
624 1609 800 1658 tribuno,
832 1610 1051 1661 caligatum
1081 1612 1207 1661 equiti
1237 1612 1290 1651 ad
1328 1611 1568 1651 scribendas
1606 1612 1755 1650 satiras
1795 1611 1971 1650 officium
2009 1616 2323 1663 praestaturum,
2355 1617 2400 1650 ut
2429 1613 2469 1650 in

142 1667 204 1705 bis
243 1665 428 1705 versibus
481 1666 615 1705 inesse
665 1666 851 1705 videatur
891 1667 1188 1716 testimonium,
1239 1678 1319 1718 quo
1361 1671 1524 1718 poetam
1564 1666 1769 1707 tribunum
1809 1666 1933 1707 fuisse
1976 1666 2180 1718 probetur.
2238 1666 2319 1707 Sed
2350 1679 2470 1707 nemo

141 1721 224 1762 sere
254 1732 399 1761 vereor
428 1732 479 1761 ne
508 1722 566 1762 ita
594 1720 716 1761 facile
745 1721 822 1761 nisi
851 1720 904 1762 ab
934 1721 1155 1762 editoribus
1185 1723 1343 1773 magnis
1373 1727 1414 1763 et
1443 1722 1667 1764 reconditis
1697 1722 2027 1763 adnotationibus
2058 1722 2229 1763 edoctus
2260 1724 2298 1763 in
2337 1723 2470 1764 verbis

142 1779 218 1817 illis
249 1779 346 1817 talia
375 1778 503 1817 latere
532 1779 769 1828 perspiciat:
800 1778 902 1817 haee
932 1780 966 1817 si
996 1785 1118 1828 poeta
1147 1779 1379 1832 significare
1408 1779 1616 1827 voluisset,
1645 1780 1778 1818 minus
1799 1779 1973 1818 obscure
1994 1780 2209 1819 dicendum
2231 1785 2329 1818 erat.
2389 1779 2468 1819 Sed

141 1834 308 1874 remotis
344 1833 405 1873 his
440 1832 640 1883 omnibuS,
680 1844 813 1873 nonne
856 1833 987 1874 inanis
1023 1845 1072 1874 ac
1111 1834 1243 1887 pusilli
1279 1834 1438 1875 videtur
1473 1834 1596 1875 animi
1632 1845 1724 1874 esse
1760 1834 1980 1885 superioris
2024 1834 2177 1875 ordinis
2222 1835 2469 1876 mentionem

145 1890 255 1929 nulla
290 1891 538 1929 necessitate
572 1894 761 1929 coactum
798 1894 958 1940 praeter
992 1901 1078 1929 rem
1114 1895 1155 1930 et
1189 1902 1331 1941 parum
1363 1895 1457 1941 apte
1491 1891 1728 1930 assumere?
1787 1891 1901 1940 Quae
1932 1902 2024 1929 eum
2055 1892 2113 1930 ita
2142 1892 2235 1939 sint,
2273 1891 2357 1930 fieri
2389 1904 2469 1930 non

145 1950 292 1997 potest,
332 1946 427 1997 quin
465 1956 556 1985 cum
592 1944 735 1985 Beerio
772 1944 980 1993 iaciamus,
1014 1946 1082 1997 qui
1118 1946 1213 1997 quid
1248 1946 1443 1986 adiutoris
1480 1957 1629 1987 nomen
1659 1947 1759 1986 satis
1789 1946 1908 1997 longe
1938 1957 1961 1987 e
1990 1958 2035 1986 re
2065 1946 2226 1986 militari
2257 1948 2469 1998 repetitum

146 2002 183 2040 h.
212 2001 236 2042 l.
266 2000 343 2040 sibi
372 2001 481 2050 velit,
513 2000 631 2053 plane
661 2011 706 2040 se
737 2000 873 2052 sugere
904 2000 1117 2041 confitetur
1146 2001 1198 2053 (p.
1228 2001 1309 2055 66).

342 2067 525 2116 Accedit,
557 2067 664 2119 quod
694 2067 758 2108 vel
788 2068 941 2108 omissa
969 2079 1013 2108 re
1043 2068 1206 2108 militari
1234 2068 1356 2109 lectio
1386 2068 1551 2119 vulgata
1579 2070 1711 2109 minus
1747 2072 1843 2120 apta
1872 2069 2042 2109 videtur.
2100 2069 2203 2110 Nam
2240 2074 2406 2120 rogatus
2436 2071 2469 2108 si

143 2124 232 2175 quis
276 2127 438 2175 poetam
478 2123 672 2165 adiuvare
701 2124 886 2173 instituit,
925 2135 1007 2164 non
1037 2128 1101 2163 est
1129 2124 1435 2175 vituperandus:
1487 2125 1612 2165 invito
1652 2130 1799 2176 poetae
1828 2136 1993 2177 operam
2031 2136 2147 2165 suam
2182 2125 2399 2166 obtrudere
2429 2131 2469 2165 et

147 2179 306 2220 molesti
336 2179 510 2220 hominis
540 2183 603 2219 est
631 2183 672 2220 ct
702 2179 941 2231 arrogantis.
1000 2179 1117 2231 Quod
1147 2190 1244 2220 vero
1274 2180 1404 2221 maius
1434 2184 1510 2230 est,
1530 2184 1643 2221 reete
1663 2181 1753 2232 quis
1775 2181 2033 2232 quaesiverit,
2064 2192 2144 2232 quo
2165 2181 2328 2221 tandem
2349 2186 2468 2232 pacto

150 2235 377 2276 Umbricius
414 2235 556 2276 vacuis
589 2233 727 2275 Cumis
764 2236 883 2287 (vers.
919 2236 960 2287 2)
996 2239 1122 2276 vitam
1158 2248 1284 2287 agens
1319 2238 1536 2278 satirarum
1572 2241 1812 2287 argumenta
1848 2237 2049 2277 subiicere
2085 2239 2215 2287 possit
2249 2243 2393 2288 poetae
2428 2239 2466 2277 in

148 2292 238 2344 ipsa
268 2291 398 2332 Roma
428 2291 544 2343 quasi
574 2302 596 2331 e
627 2290 737 2331 sonte
767 2291 995 2332 haurienti?
1053 2290 1244 2344 Sequitur
1273 2292 1450 2346 ineptam
1482 2303 1575 2333 esse
1610 2292 1827 2333 lectionem
1863 2291 2031 2333 adiutor
2065 2305 2141 2333 nec
2177 2305 2297 2345 posse
2332 2293 2466 2344 recipi.

344 2357 498 2400 Contra
527 2359 688 2409 egregie
725 2357 900 2410 quadrat
935 2359 975 2398 in
1010 2360 1256 2400 sententiam
1291 2356 1371 2399 loci
1405 2358 1528 2401 lectio
1567 2358 1745 2399 auditor.
1809 2359 1911 2401 Nam
1950 2371 2031 2400 non
2067 2359 2291 2400 adiutorem
2327 2364 2468 2411 optant

144 2418 304 2466 poetae,
334 2414 407 2456 sed
437 2414 676 2462 auditorem,
707 2415 746 2455 id
776 2414 884 2466 quod
914 2426 1007 2455 eum
1037 2426 1087 2455 ex
1116 2415 1206 2466 ipsa
1233 2415 1293 2455 rei
1321 2420 1469 2458 natura
1494 2415 1750 2468 intellegitur,
1782 2415 1979 2467 siquidem
2000 2417 2131 2456 omnis
2151 2417 2324 2467 scriptor
2344 2416 2465 2457 libros

145 2482 242 2511 suos
280 2470 358 2521 legi
396 2471 518 2522 cupit,
560 2474 644 2510 tum
680 2481 703 2510 e
741 2469 940 2511 luvenalis
985 2472 1112 2512 satira
1147 2471 1277 2524 prima
1311 2476 1494 2525 apparet,
1531 2471 1599 2512 ubi
1634 2473 1830 2525 seriptum
1868 2476 1948 2513 est:
1987 2471 2154 2524 Semper
2193 2472 2262 2522 eqo
2302 2471 2468 2511 auditor

146 2527 334 2566 tantum?
391 2526 619 2566 Umbricius
649 2530 799 2575 autem,
830 2527 897 2577 qui
927 2526 1172 2568 uberrimam
1202 2538 1337 2570 rerum
1367 2528 1580 2568 materiam
1609 2532 1732 2578 atque
1772 2529 1931 2578 copiam
1960 2527 2137 2568 iuvenali
2171 2539 2246 2568 suo
2281 2527 2465 2573 subiecit,

144 2582 239 2633 quid
268 2586 389 2634 poeta
418 2594 468 2623 ex
497 2593 547 2623 ea
577 2581 730 2632 fecerit,
759 2582 900 2624 audire
929 2586 1036 2632 avet,
1067 2594 1149 2623 non
1178 2582 1293 2634 plura
1323 2583 1375 2624 ad
1405 2595 1497 2624 eum
1527 2582 1685 2624 deferre
1723 2584 1763 2623 in
1798 2584 1933 2624 animo
1969 2583 2105 2624 habet:
2144 2594 2237 2625 nam
2274 2583 2465 2635 quidquid

144 2648 167 2678 e
198 2638 282 2679 vita
310 2637 466 2680 urbana
495 2638 533 2679 ei
562 2637 743 2679 oblatum
773 2642 836 2679 est
855 2638 1006 2688 acerbi,
1037 2639 1076 2679 id
1096 2639 1137 2679 in
1157 2649 1277 2680 aures
1298 2639 1419 2680 amici
1440 2640 1688 2689 exoneravit,
1711 2637 1848 2680 Cumis
1870 2638 2105 2688 „Venusina
2124 2639 2244 2690 digna
2269 2639 2464 2681 lucerna“

145 2704 191 2732 se
220 2694 356 2734 videre
385 2705 436 2737 ne
465 2694 550 2745 ipse
580 2694 741 2744 quidem
770 2705 903 2745 neque
933 2695 1043 2748 cupit
1070 2706 1203 2746 neque
1232 2700 1380 2747 sperat.
1439 2693 1665 2745 Caligatum
1695 2699 1831 2735 autem
1861 2706 1905 2735 se
1935 2695 2043 2743 dicit,
2073 2698 2118 2734 ut
2142 2695 2337 2735 rusticum
2359 2706 2404 2733 so
2425 2699 2467 2734 et

146 2748 370 2803 simplicem
405 2749 610 2792 hominem
647 2760 739 2790 esse
773 2750 923 2792 sinceri
957 2749 1093 2793 iudicii
1121 2749 1370 2802 profiteatur,
1402 2751 1468 2802 qui
1499 2751 1655 2791 nesciat
1685 2749 1802 2801 pleno
1832 2761 1903 2792 ore
1932 2749 2098 2792 laudare
2133 2750 2241 2792 mala
2270 2750 2465 2792 earmina.

148 2800 312 2857 Caligae
341 2807 463 2853 enim,
491 2806 531 2848 id
560 2806 669 2857 quod
687 2810 858 2859 apparet
886 2818 937 2847 ex
957 2807 1091 2847 edicto
1111 2806 1362 2848 Diocletiano
1384 2806 1422 2855 9,
1441 2806 1478 2846 5.
1499 2807 1536 2846 6.
1562 2806 1623 2855 10,
1645 2807 1713 2847 ubi
1733 2810 2021 2846 enumerantur
2041 2806 2196 2858 caligae
2222 2807 2465 2848 mulionieae

148 2860 233 2902 sive
261 2862 454 2912 rusticae,
490 2862 698 2911 militares,
733 2861 962 2913 muliebre-S,
997 2874 1077 2903 non
1116 2866 1211 2904 sunt
1246 2862 1425 2904 solorum
1459 2862 1642 2910 militum,
1678 2865 1772 2902 sunt
1807 2862 1986 2903 omnium
2023 2861 2229 2904 hominum
2265 2861 2467 2905 interioris

147 2915 315 2967 ordinis;
344 2922 387 2959 et
415 2917 524 2969 quod
552 2918 693 2960 dicunt
720 2917 963 2960 vocabulum
994 2918 1157 2969 caligati
1186 2917 1322 2959 abisse
1350 2919 1391 2959 in
1417 2917 1685 2970 proverbium,
1717 2917 1756 2957 id
1777 2917 1874 2958 nihil
1895 2917 2013 2959 valet.
2053 2916 2102 2956 Et
2122 2918 2216 2969 quia
2236 2916 2465 2962 Umbricius

147 2970 267 3022 longe
297 2984 344 3012 se
379 2973 589 3014 discedere
623 2973 677 3015 ab
711 2973 892 3014 urbanae
929 2978 971 3013 et
1008 2974 1260 3015 adulatoriae
1298 2974 1527 3014 auditorum
1566 2984 1743 3013 coronae
1780 2973 2074 3013 consuetudine
2110 2974 2318 3024 intellegit,
2355 2971 2469 3014 addit

148 3026 273 3069 verba
306 3027 353 3071 ni
378 3029 510 3081 pudet
537 3028 634 3070 illas
666 3029 738 3070 sel.
773 3033 857 3071 tam
896 3030 1037 3072 rustici
1071 3029 1281 3079 auditoriS,
1312 3030 1379 3081 qui
1409 3029 1569 3070 mentiri
1599 3029 1768 3077 nesciat,
1800 3028 1945 3070 librum
1975 3029 2009 3069 si
2038 3028 2169 3072 malus
2199 3034 2262 3071 est
2292 3034 2469 3082 nequeat

148 3079 314 3126 laudare
343 3089 385 3127 et
413 3096 583 3139 poscere
611 3084 684 3139 (lll.
713 3085 765 3127 41
797 3085 899 3139 squ.)
