2640 3438
1306 244 1332 292 2

144 385 387 431 recensione
423 389 617 440 corrupta
646 387 915 438 manaverint,
948 399 1041 428 cum
1071 387 1208 429 multis
1238 388 1340 429 locis
1372 387 1567 440 cognosci
1594 387 1737 440 possit,
1767 386 1913 440 quibus
1943 386 2080 430 causis
2107 395 2337 434 commotus
2356 392 2483 443 inter-

141 446 303 500 polator
331 445 533 488 lectiones
564 445 761 497 genuinas
791 444 1009 485 mutaverit
1019 445 1058 494 1).
1115 442 1269 485 Deinde
1300 443 1600 486 conlationibus
1631 443 1785 486 codicis
1811 443 2025 487 Pithoeani
2053 446 2231 488 maxima
2260 458 2356 491 cum
2383 460 2485 493 cura
2553 463 2556 467 ’

140 515 269 554 nuper
299 507 341 542 et
369 514 396 542 a
426 501 608 553 Beerio²)
639 506 680 541 et
709 513 734 541 a
765 501 1048 550 Buechelero³)
1084 501 1280 540 institutis
1315 513 1400 541 non
1429 501 1561 541 solum
1591 501 1740 541 multas
1769 502 1887 541 huius
1918 502 2072 542 codicis
2101 502 2306 544 lectiones
2328 516 2482 558 easque

140 558 283 608 bonaS‚
316 570 422 610 quae
457 561 581 599 antea
610 569 755 597 manus
786 556 1072 597 emendatricis
1103 568 1195 597 esse
1224 556 1485 608 putabantur,
1520 568 1565 598 re
1594 569 1692 598 vera
1721 568 1814 598 esse
1842 557 1997 609 primae
2023 569 2169 599 manus
2199 563 2376 610 constat,
2406 560 2481 602 sed

139 616 264 656 etiam
294 614 555 655 manifestum
584 617 648 654 est
677 614 831 664 primae
861 624 1006 653 manus
1036 612 1255 662 erroribus,
1290 613 1436 665 quippe
1466 614 1534 665 qui
1559 625 1641 654 non
1670 613 1910 655 inhaereant
1938 614 2168 655 recensioni
2197 615 2271 656 sed
2300 615 2480 666 librario,

139 671 245 711 adeo
276 683 359 711 non
390 670 571 711 imminui
601 668 692 709 libri
721 669 1021 717 auctoritatem,
1053 672 1098 709 ut
1127 680 1177 710 ex
1207 669 1387 720 ipsorum
1417 681 1602 710 errorum
1623 673 1771 710 natura
1798 673 2073 721 cognoscatur
2092 681 2199 721 eum,
2230 672 2299 724 qui
2315 673 2482 724 scripsit

142 727 346 776 codicem,
394 737 440 766 »e
484 729 647 766 vetusto
688 725 846 775 integro
886 725 1040 775 optimo
1081 725 1303 775 exemplari
1341 729 1498 765 textum
1538 725 1739 775 hausisse,
1781 725 2012 766 fidelissime
2047 729 2170 777 atque
2207 727 2312 768 adeo
2352 739 2483 780 paene

141 782 349 833 pueriliter
384 782 623 821 memoriam
654 792 856 829 servasse,
887 780 986 820 nihil
1016 780 1066 820 de
1097 793 1172 820 suo
1203 780 1479 830 addidisse‹⁴).
1539 780 1654 830 Quae
1692 793 1785 821 cum
1826 783 1883 821 ita
1912 782 2006 831 sint,
2046 782 2246 822 incertum
2275 794 2368 823 esse
2397 795 2481 824 non

140 842 291 890 potest,
331 841 425 878 utra
464 837 606 877 harum
646 836 933 877 recensionum
972 836 1241 887 praeferanda
1270 837 1336 886 sit,
1368 841 1409 878 et
1438 848 1580 878 verum
1616 835 1659 877 fit
1688 836 1797 887 illud,
1829 837 1938 890 quod
1968 842 2214 879 censuerant
2243 837 2406 880 Iahnius
2441 843 2484 880 et

142 895 421 933 Hermannus:
465 894 506 931 in
548 897 637 931 arte
679 893 823 931 critica
863 894 905 931 in
950 892 1151 934 luvenalis
1203 893 1450 932 carminibus
1505 893 1753 941 factitanda,
1799 905 1893 933 cum
1936 895 2220 944 antiquissima
2263 895 2481 935 satirarum

141 950 328 991 recensio
359 953 400 990 et
430 960 480 989 ea
510 959 533 990 e
562 960 664 999 puro
695 947 807 989 fonte
838 947 963 988 ducta
992 952 1153 989 extaret
1181 949 1223 989 in
1252 961 1334 990 uno
1366 949 1509 990 codice
1539 947 1582 999 P,
1623 948 1661 989 id
1692 949 1869 990 maxime
1899 949 2099 1001 agendum
2132 961 2235 1000 esse,
2279 954 2324 991 ut
2352 950 2483 1002 prima

143 1007 261 1046 huius
293 1005 448 1045 codicis
479 1015 625 1044 manus
655 1005 942 1044 restitueretur
971 1009 1013 1044 et
1042 1005 1339 1045 emendaretur.
1540 1040 1545 1045 ,

344 1061 402 1102 De
434 1060 645 1102 codicibus
676 1065 814 1102 autem
844 1061 1099 1112 interpolatis
1141 1062 1182 1102 in
1212 1063 1307 1102 crisi
1337 1061 1599 1103 Iuvenaliana
1636 1060 1875 1102 adhibendis
1905 1074 2047 1103 verum
2084 1076 2167 1104 non
2196 1063 2384 1105 viderunt
2414 1065 2482 1116 qui

141 1130 310 1171 prorsus
340 1117 595 1169 respuendos
626 1128 699 1158 eos
730 1129 823 1158 esse
854 1121 1042 1167 censent3
1072 1122 1185 1159 recte
1215 1118 1293 1158 hac
1324 1129 1485 1171 quoque
1507 1118 1557 1159 de
1576 1129 1621 1158 re
1643 1118 1900 1159 existimasse
1926 1117 2108 1160 lahnium
2134 1120 2481 1171 disquisitionibus

142 1187 302 1215 summa
333 1187 426 1214 cum
457 1174 668 1224 diligentia
706 1178 830 1224 atque
869 1173 1093 1213 subtilitate
1135 1175 1329 1214 institutis
1367 1175 1486 1214 huius
1526 1175 1674 1214 aetatis
1704 1175 1779 1213 viri
1816 1174 1928 1215 docti
1956 1175 2078 1215 iidem
2107 1176 2295 1216 videntur
2324 1177 2484 1216 vicisse.

141 1230 305 1271 Iahnius
341 1231 494 1280 enim5),
525 1230 602 1269 etsi
633 1229 819 1269 codicem
847 1228 877 1268 P
904 1230 1084 1269 omnium
1115 1231 1337 1281 principem
1367 1241 1460 1271 esse
1490 1233 1712 1279 constaret,
1743 1234 1882 1270 tamen
1913 1232 2061 1271 ceteris
2082 1231 2292 1272 codicibus
2318 1232 2483 1273 criticos

142 1298 285 1326 carere
314 1286 397 1326 ullo
428 1290 549 1337 pacto
580 1297 702 1335 posse
732 1285 784 1324 ab
815 1286 928 1325 initio
953 1291 1190 1335 negaverat3
1221 1298 1316 1325 nam
1348 1298 1430 1326 non
1458 1298 1541 1326 uno
1572 1287 1663 1326 loco
1683 1286 1725 1325 in
1746 1285 1892 1326 Pcasu
1914 1287 2114 1327 excidisse
2133 1288 2199 1327 vel
2219 1287 2483 1338 depravatum

142 1353 247 1392 esse,
279 1341 388 1393 quod
418 1342 459 1380 in
486 1340 696 1381 codicibus
718 1340 970 1391 interpolatis
991 1352 1090 1380 casu
1112 1345 1270 1381 extaret
1290 1341 1353 1382 vel
1374 1345 1487 1382 recte
1508 1342 1704 1393 scriptum
1724 1345 1846 1391 esset,
1869 1353 1962 1381 cum
1982 1353 2114 1395 neque
2135 1343 2169 1382 is
2189 1341 2304 1393 liber,
2324 1342 2433 1385 unde
2453 1342 2484 1382 P

141 1399 341 1448 originem
382 1397 572 1447 cepisset,
615 1409 640 1436 a
678 1398 786 1435 vitiis
827 1397 1016 1435 immunis
1056 1397 1200 1436 fuisset
1237 1402 1309 1436 aut
1348 1399 1415 1448 qui
1454 1398 1549 1438 inde
1589 1398 1903 1447 descripsissem
1943 1410 2026 1437 non
2062 1399 2192 1438 multa
2227 1399 2484 1449 neglegentia

142 1456 401 1505 peccassent,
434 1457 476 1492 et
511 1452 553 1492 in
583 1463 632 1492 eo
670 1451 868 1502 exemplo,
905 1451 1014 1503 quod
1050 1451 1227 1493 Nicaeus
1264 1464 1357 1493 cum
1394 1452 1537 1494 Servio
1574 1452 1873 1504 interpolasset,
1911 1452 1996 1494 fieri
2026 1465 2107 1495 non
2137 1454 2349 1506 potuisset,
2386 1454 2484 1507 quin

140 1509 281 1560 multa,
312 1510 371 1548 ita
401 1512 446 1547 ut
476 1519 501 1547 a
530 1511 653 1559 poeta
682 1508 836 1559 scripta
875 1507 1047 1547 fuissent
1086 1513 1263 1558 servata,
1304 1510 1463 1561 integra
1500 1520 1525 1548 a
1560 1509 1734 1549 librariis
1770 1508 2149 1550 transcriberentur.
2209 1509 2483 1561 Quamobrem

139 1565 368 1607 cavendum
405 1575 512 1613 esse,
544 1576 595 1604 ne
626 1565 715 1615 quis
746 1565 980 1614 opinaretur
1016 1565 1056 1604 in
1088 1564 1118 1604 P
1149 1567 1286 1605 omnia
1323 1570 1447 1614 recte,
1485 1566 1526 1604 in
1562 1565 1674 1605 libris
1705 1565 1958 1617 interpolatis
1993 1566 2132 1606 omnia
2167 1578 2293 1617 prave
2330 1567 2483 1618 scripta

138 1625 289 1662 extare.
349 1620 462 1660 Haec
502 1631 600 1660 vera
638 1631 730 1659 esse
769 1621 1002 1659 accuratius
1033 1622 1199 1671 exponit
1235 1622 1275 1661 in
1321 1620 1457 1661 libello
1501 1621 1611 1673 suo⁶)
1664 1620 1826 1671 Hosius,
1863 1622 1931 1672 qui
1967 1625 2165 1673 congesta
2200 1622 2477 1674 exemplorum

139 1677 245 1716 nube
275 1682 398 1728 atque
429 1688 630 1727 perpensa
660 1676 767 1715 haud
797 1677 938 1726 paucis
969 1677 1083 1724 locis,
1115 1677 1260 1727 quibus
1291 1678 1412 1717 lectio
1443 1678 1593 1716 tradita
1613 1678 1768 1716 servari
1797 1689 1880 1717 non
1900 1682 2048 1729 potest,
2071 1678 2235 1717 codices
2256 1678 2479 1718 deteriores

138 1744 280 1773 omnes
311 1733 433 1773 docet
462 1742 689 1783 congruere
719 1742 812 1771 cum
844 1730 1054 1772 Pithoeani
1084 1734 1214 1784 prima
1243 1744 1379 1783 manu,
1410 1732 1500 1774 aliis
1530 1732 1631 1773 locis
1661 1744 1786 1773 unum
1806 1733 1870 1773 vel
1896 1732 2069 1774 alterum
2090 1733 2274 1774 codicem
2294 1737 2365 1775 aut
2386 1744 2480 1775 cum

139 1789 169 1827 P
208 1790 426 1839 genuinam
466 1789 686 1827 lectionem
726 1788 918 1827 exhibere
956 1793 1027 1827 aut
1067 1789 1173 1827 idem
1218 1794 1342 1840 atque
1377 1790 1487 1828 illum
1523 1790 1665 1828 vitium
1701 1789 1897 1839 praebere
1935 1789 2161 1838 confirmat,
2198 1794 2244 1829 ut
2284 1795 2481 1841 appareat

137 1845 419 1886 recensionem
450 1843 736 1894 interpolatam
768 1847 807 1882 et
842 1842 1122 1892 Pithoeanam,
1154 1845 1339 1895 quamvis
1369 1845 1450 1884 sint
1480 1844 1708 1893 dissimileS,
1753 1848 1892 1884 tamen
1930 1856 2014 1884 non
2044 1845 2271 1885 contrarias
2302 1846 2407 1886 inter
2431 1857 2477 1886 se

137 1905 260 1951 atque
290 1900 476 1938 inimicas
506 1910 612 1948 esse,
643 1898 717 1937 sed
749 1899 865 1949 quasi
897 1899 1141 1949 cognatione
1163 1900 1338 1950 quadam
1361 1900 1570 1939 contineri.
1611 1898 1803 1951 Sequitur
1832 1900 2059 1941 cavendum
2081 1912 2185 1950 esse,
2207 1912 2258 1940 ne
2279 1902 2369 1952 quis
2389 1901 2480 1941 illos

137 1957 301 1995 codices
332 1955 479 1995 nullius
501 1955 697 1995 momenti
718 1965 811 1994 esse
831 1954 883 1993 ad
904 1966 1042 1994 veram
1064 1959 1211 2006 poetae
1231 1967 1397 1996 manum
1418 1956 1711 1996 restituendam
1733 1956 1929 2007 opinetur.
1970 1955 2013 1995 In
2034 1956 2206 1996 eandem
2234 1957 2479 1998 sententiam

136 2013 277 2062 paucis
316 2012 495 2061 disputat
537 2010 761 2051 Buecheler
773 2011 814 2060 ⁷),
856 2011 923 2060 qui
954 2011 1161 2061 exemplar
1181 2012 1291 2060 illud,
1314 2012 1423 2063 quod
1452 2016 1494 2051 et
1516 2011 1727 2051 Pithoeani
1760 2024 1904 2052 manus
1936 2013 2284 2063 emendatrix(p)et
2315 2013 2480 2052 codices

136 2067 368 2119 interpolati
404 2067 460 2116 (ω)
492 2070 729 2118 sequuntur,
761 2065 879 2106 nobis
909 2065 1029 2118 plane
1059 2068 1339 2107 necessarium
1370 2078 1462 2108 esse
1494 2071 1647 2107 censet.

338 2124 455 2173 Quod
486 2134 580 2162 cum
609 2124 667 2162 ita
697 2124 763 2171 sit,
795 2135 877 2162 non
908 2123 1140 2163 dubitamus
1170 2123 1308 2164 facere
1339 2136 1433 2164 cum
1464 2123 1654 2171 Beerioss),
1696 2136 1789 2164 cum
1828 2124 1926 2164 dicit
1967 2125 2146 2165 rationes
2183 2125 2478 2165 emendationis

134 2179 421 2220 Iuvenalianae
451 2178 673 2218 Hermanni
710 2183 751 2219 et
781 2177 908 2218 Iahnii
947 2182 1036 2218 arte
1073 2180 1321 2219 constitutae
1363 2191 1412 2220 eo
1443 2180 1573 2230 magis
1604 2192 1713 2220 nunc
1744 2180 1924 2220 firmatas
1954 2191 2060 2229 esse,
2092 2192 2172 2232 quo
2193 2180 2350 2232 plenior
2370 2180 2480 2221 facta

134 2236 186 2275 sit
218 2238 362 2276 nostra
392 2234 581 2274 codicum
601 2235 780 2284 cognitio
801 2239 842 2274 et
862 2235 999 2274 verior
1019 2236 1281 2285 existimatio,
1305 2247 1480 2287 cumque
1501 2240 1641 2275 monet
1668 2248 1751 2276 non
1773 2237 1860 2278 sine
1881 2248 2029 2288 magno
2058 2236 2174 2276 crisis
2197 2236 2481 2277 Iuvenalianae

133 2292 285 2332 damno
316 2290 472 2330 discedi
502 2302 622 2341 posse
653 2302 677 2329 a
708 2291 773 2330 via
803 2302 852 2330 ac
884 2290 1099 2341 disciplina
1129 2293 1240 2332 omni
1270 2303 1320 2332 ex
1350 2297 1466 2344 parte
1497 2291 1688 2332 stabilita.

335 2346 417 2387 Sed
458 2358 551 2386 cum
581 2358 631 2386 ex
661 2347 719 2385 eis
751 2347 904 2386 codicis
934 2346 978 2395 P,
1011 2347 1158 2397 quibus
1193 2361 1293 2387 usus
1330 2353 1418 2388 erat
1467 2347 1643 2395 Iahnius,
1684 2348 1983 2403 conlationibus
2020 2360 2072 2388 ne
2106 2361 2188 2389 una
2224 2348 2386 2400 quidem
2423 2349 2481 2388 ita

132 2403 276 2444 suisset
306 2406 558 2453 comparata,
590 2405 634 2440 ut
664 2406 821 2441 certum
852 2402 901 2441 de
931 2403 1099 2452 singulis
1131 2403 1232 2443 locis
1263 2404 1455 2444 iudicium
1486 2403 1582 2444 ferri
1612 2409 1764 2455 posset,
1803 2416 1885 2445 non
1923 2405 2010 2444 sine
2047 2415 2174 2445 causa
2210 2405 2325 2444 multi
2354 2415 2479 2456 saepe

132 2460 454 2510 postulaverant,
495 2462 540 2497 ut
570 2457 713 2497 codice
755 2458 888 2497 denuo
920 2459 1083 2498 conlato
1124 2460 1374 2511 singulisque
1413 2459 1658 2500 lectionibus
1695 2462 1930 2501 accuratius
1966 2461 2150 2501 excussis
2187 2464 2344 2501 certum
2379 2461 2480 2500 artis

130 2516 300 2556 criticae
330 2514 640 2554 fundamentum
670 2514 884 2553 iaceretur.
943 2513 1138 2555 Weidner
1169 2515 1331 2567 quidem
1362 2516 1403 2556 in
1433 2516 1569 2567 priore
1599 2515 1779 2558 editione
1809 2516 1968 2558 dixerat
1997 2528 2099 2569 opus
2135 2528 2227 2557 esse
2264 2515 2418 2557 codicis
2448 2515 2480 2556 P

130 2573 364 2612 conlatione
394 2581 555 2611 summa
586 2581 679 2608 cum
710 2570 917 2619 diligentia
948 2575 1071 2620 atque
1102 2573 1368 2612 accuratione
1399 2571 1511 2612 faeta
1541 2576 1583 2612 et
1615 2584 1756 2614 eorum
1784 2574 1961 2613 maxime
1982 2572 2177 2622 locorum,
2209 2572 2277 2613 ubi
2298 2573 2480 2612 radentis

128 2628 193 2668 vel
223 2627 466 2678 corrigentis
497 2625 670 2675 vestigia
702 2626 994 2673 invenirentur;
1025 2631 1148 2666 aucto
1180 2632 1378 2678 apparatu
1411 2628 1568 2679 sperari
1598 2640 1723 2678 posse
1754 2628 1852 2679 fore,
1884 2632 1929 2669 ut
1959 2640 2040 2668 non
2071 2640 2175 2669 unus
2212 2629 2328 2669 locus
2358 2628 2410 2668 ad
2440 2627 2480 2668 id

128 2688 289 2736 tempus
330 2686 548 2733 corruptus
587 2682 627 2720 in
667 2682 869 2733 integrum
908 2683 1201 2722 restitueretur.
1272 2683 1388 2724 Nunc
1431 2696 1539 2725 nova
1581 2685 1737 2724 codicis
1777 2684 1956 2724 conlatio
1992 2688 2055 2725 est
2092 2686 2130 2724 in
2167 2684 2353 2724 manibus
2389 2687 2482 2736 post

332 2847 355 2887 ¹)
381 2847 448 2880 Csr.
474 2846 615 2888 Hosius,
641 2849 836 2890 apparatus
862 2845 1008 2880 criticus
1033 2846 1078 2880 ad
1104 2847 1319 2881 Iuvenalem.
1369 2847 1525 2890 Bonnae,
1555 2848 1651 2881 1888.

331 2892 357 2934 ²)
382 2892 609 2934 spicilegium
637 2892 919 2931 1uvenalianum,
944 2892 1085 2933 Lipsiae
1112 2893 1208 2924 1885.

331 2936 355 2998 ἲ)
377 2936 696 3013 1⁵13.Persii5{lacci
723 2937 760 2969 D.
787 2936 875 2969 Iunii
902 2936 1079 2969 luvenalis
1105 2937 1285 2980 Sulpiciae
1313 2940 1469 2971 saturae.
1520 2938 1634 2971 Editio
1660 2936 1774 2971 tertia.
1824 2937 1977 2970 Berolini
2006 2938 2100 2971 1893.

414 2991 474 3013 eer
524 3005 530 3013 .
579 2985 609 3013 ⁶.

333 2990 360 3079 ⁶3
386 3026 473 3059 1868
498 2992 528 3069 g.
553 3026 611 3058 Ss.

334 3071 367 3127 ⁸)
390 3081 422 3113 p.
447 3070 590 3103 46—71.

328 3116 353 3159 ⁷)
393 3115 480 3149 1893
504 3127 536 3160 p.
561 3115 644 3150 xvi.

328 3162 355 3207 ⁸)
379 3171 412 3206 p.
439 3161 493 3197 52.
