2640 3438
310 1190 367 1257 In
403 1217 497 1256 crisi
528 1214 785 1258 luvenaliana
814 1216 983 1260 multum
1019 1219 1081 1260 his
1117 1218 1257 1262 decem
1295 1220 1412 1262 annis
1448 1216 1674 1273 profectum
1710 1226 1783 1262 est.
1840 1215 1888 1261 Et
1925 1215 2179 1272 comparanti
2218 1216 2316 1260 mihi
2354 1217 2460 1259 inter

137 1283 182 1312 se
220 1283 373 1321 eorum,
415 1273 483 1324 qui
523 1273 563 1313 in
602 1275 826 1314 tractandis
866 1276 1001 1315 satiris
1040 1288 1169 1328 nuper
1212 1278 1362 1318 versati
1400 1282 1508 1326 sunt,
1555 1278 1731 1318 virorum
1771 1278 1984 1317 doctorum
2023 1276 2172 1317 iudicia
2208 1276 2380 1327 primum
2419 1275 2458 1314 id

137 1328 294 1368 videtur
323 1327 510 1369 eflectum
540 1341 644 1379 esse,
679 1334 725 1370 ut
753 1330 917 1371 tandem
947 1332 1163 1384 aliquando
1193 1334 1358 1374 nimium
1388 1333 1495 1373 istud
1532 1333 1751 1373 damnandi
1779 1338 1903 1385 atque
1937 1332 2097 1374 delendi
2116 1331 2307 1381 studium,
2343 1331 2458 1371 cuius

136 1384 281 1424 ardore
312 1384 476 1424 dimidia
505 1384 588 1425 fere
617 1397 808 1426 versuum
837 1391 951 1437 parte
980 1392 1103 1438 poeta
1132 1390 1329 1439 spoliatus
1359 1394 1460 1437 erat,
1503 1389 1802 1430 defervesceret
1829 1393 1952 1439 atque
1981 1388 2191 1428 resideret.
2248 1387 2389 1438 Neque
2419 1387 2458 1426 id

136 1440 297 1479 mirum:
341 1451 436 1480 nam
466 1452 621 1491 eorum,
665 1453 767 1494 quos
798 1443 972 1494 expungi
1001 1443 1215 1485 voluerunt
1244 1445 1388 1493 critici,
1426 1456 1617 1485 versuum
1648 1444 1756 1485 haud
1786 1445 1905 1496 pauci
1934 1444 1991 1484 ita
2020 1447 2116 1484 sunt
2145 1443 2384 1494 comparati,
2414 1446 2459 1483 ut

136 1508 266 1547 neque
295 1496 417 1536 ullam
448 1497 652 1537 inserendi
672 1510 840 1538 causam
860 1498 1152 1550 deprehendas,
1183 1512 1314 1551 neque
1343 1501 1503 1540 delendi
1532 1504 1773 1552 argumenta
1801 1501 1901 1540 satis
1930 1511 2080 1550 magna
2108 1500 2304 1547 invenias,
2336 1498 2458 1538 deleti

136 1556 230 1592 sunt
259 1553 386 1602 multi,
426 1554 520 1605 quia
558 1566 639 1595 non
675 1554 938 1606 aequiperare
967 1555 1208 1597 videbantur
1236 1557 1290 1606 id,
1329 1556 1437 1608 quod
1476 1557 1607 1597 critici
1646 1558 1781 1597 animo
1818 1555 2031 1604 finxerant,
2067 1555 2272 1606 singulare
2310 1559 2459 1606 poetae

136 1609 351 1658 ingenium,
392 1614 463 1648 aut
500 1610 595 1661 quia
633 1609 751 1650 facile
778 1615 967 1661 poterant
996 1611 1110 1651 salva
1139 1612 1385 1664 reliquorum
1415 1622 1606 1653 versuum
1640 1612 1776 1664 specie
1805 1612 1946 1652 omitti.
2007 1610 2056 1651 Et
2083 1610 2279 1663 praebent
2308 1611 2459 1651 satirae

135 1663 227 1703 illae
256 1664 417 1715 quidem
448 1666 719 1716 praestandae
748 1668 985 1717 sagacitatis
1024 1669 1300 1717 occasionem,
1342 1669 1490 1720 quippe
1529 1680 1634 1719 quae
1672 1669 1754 1708 sint
1791 1672 1949 1719 poetae,
1989 1668 2070 1718 qui,
2107 1672 2153 1707 ut
2190 1668 2248 1707 ait
2283 1666 2459 1714 Iahnius,

134 1720 357 1760 sententias
387 1725 538 1772 captat,
569 1721 784 1762 verborum
816 1723 1022 1763 nominum
1053 1724 1329 1776 exemplorum
1360 1724 1479 1776 copia
1507 1723 1688 1764 abundat
1718 1727 1759 1764 et
1789 1735 1811 1763 e
1841 1722 2046 1764 rhetorica
2076 1721 2290 1774 disciplina
2309 1721 2458 1774 loquax

134 1776 417 1815 accumulandi
448 1777 567 1816 finem
597 1779 663 1816 vix
692 1779 858 1824 invenit,
898 1780 1123 1818 institutam
1154 1780 1391 1830 disponendi
1430 1780 1630 1818 rationem
1659 1791 1741 1819 non
1773 1780 1830 1818 ita
1857 1779 2070 1828 diligenter
2098 1779 2292 1830 sequitur,
2330 1778 2402 1817 sed
2434 1789 2459 1816 a

135 1831 341 1880 proposito
370 1833 531 1883 saepius
561 1831 742 1874 aberrat:
781 1833 853 1874 scd
882 1845 1022 1873 verum
1061 1835 1273 1885 quaerenti
1313 1835 1354 1875 in
1384 1834 1649 1875 aestimandis
1678 1834 1779 1874 locis
1809 1833 1976 1884 singulis
2005 1833 2310 1884 diligentissime
2338 1844 2457 1884 repu-

135 1886 301 1926 tandum
330 1898 435 1937 esse,
466 1900 561 1927 num
592 1890 810 1928 coniuncta
839 1889 891 1928 sit
921 1901 1013 1929 eum
1045 1888 1238 1930 facilitate
1268 1890 1427 1932 delendi
1456 1891 1695 1940 necessitas,
1727 1890 1816 1942 quis
1846 1894 1910 1929 est
1939 1890 2007 1941 qui
2036 1889 2185 1940 neget?
2241 1888 2359 1929 Nunc
2388 1888 2457 1929 ubi

135 1942 252 1982 rediit
290 1944 462 1993 animus,
503 1945 609 1984 iusto
651 1944 852 1984 faciliores
893 1945 1017 1986 fuisse
1058 1947 1224 1986 criticos
1264 1947 1316 1986 ad
1355 1947 1565 1997 ponendas
1606 1946 1940 1998 interpolationes
1982 1947 2188 1997 cognitum
2232 1950 2313 1985 est:
2353 1944 2457 1984 adeo

135 1997 292 2039 delendi
322 1998 433 2040 furor
467 2000 730 2051 superaverat
765 2006 958 2041 accurate
997 2002 1254 2042 examinandi
1292 2003 1482 2048 studium,
1523 2007 1567 2041 ut
1605 2002 1713 2041 haud
1752 2002 1893 2052 paucis
1932 2001 2034 2041 locis
2072 2000 2271 2040 Iuvenalis
2310 2001 2457 2040 misere

134 2053 368 2095 decurtatus
398 2060 439 2096 et
468 2055 671 2097 laceratus
702 2060 837 2098 tamen
869 2055 1082 2108 praeberet
1111 2056 1293 2099 membra
1323 2057 1499 2099 desectis
1529 2056 1744 2108 simillima,
1775 2055 1921 2109 quibus
1950 2060 2218 2109 temperatum
2249 2068 2331 2097 non
2351 2067 2456 2105 esse,

134 2112 210 2149 nisi
239 2117 454 2162 propterea
493 2114 601 2164 quod
639 2115 769 2152 sectio
808 2114 893 2153 fieri
932 2126 1014 2153 non
1051 2119 1212 2164 poterat
1241 2115 1364 2154 salvis
1393 2115 1466 2162 eis,
1507 2126 1612 2165 quae
1651 2115 1763 2153 circa
1801 2118 1909 2161 sunt,
1949 2113 2155 2161 membris,
2195 2112 2454 2152 manifestum

134 2172 232 2207 erat.
291 2167 351 2208 lta
380 2167 464 2210 fieri
493 2181 575 2210 non
604 2170 746 2221 potuit,
787 2169 881 2222 quin
911 2170 1046 2210 multis
1076 2170 1175 2210 locis
1204 2174 1399 2211 accurate
1428 2170 1708 2221 interpretanti
1738 2173 1780 2210 et
1809 2170 1959 2210 acriter
1987 2168 2027 2209 id
2057 2169 2206 2220 agenti,
2238 2173 2283 2209 ut
2312 2180 2453 2209 serva-

133 2228 272 2262 rentur
301 2236 406 2274 quae
435 2226 589 2264 servari
618 2230 798 2276 possent,
838 2226 1028 2266 cederent
1066 2226 1224 2265 delendi
1253 2230 1493 2276 argumenta
1534 2225 1653 2264 facile
1681 2227 1889 2276 proposita
1927 2224 2165 2276 faciliusque
2203 2228 2376 2275 accepta
2414 2229 2454 2263 et

134 2280 315 2329 repetita.
374 2281 488 2331 Quae
517 2293 609 2321 cum
639 2283 697 2321 ita
726 2282 818 2329 sint,
850 2282 993 2321 mirum
1023 2295 1104 2321 non
1135 2286 1197 2321 est
1226 2282 1344 2331 longe
1373 2282 1491 2321 aliter
1520 2281 1571 2320 de
1599 2281 1677 2320 hac
1707 2293 1751 2320 re
1781 2279 1932 2320 sentire
1962 2281 2081 2319 huius
2102 2281 2250 2319 aetatis
2271 2281 2451 2325 criticos,

134 2335 243 2373 velut
280 2336 348 2386 qui
388 2337 438 2375 de
476 2338 613 2376 satiris
651 2338 801 2388 optime
839 2337 1005 2377 meritus
1044 2341 1107 2376 est
1148 2336 1390 2376 Franciscus
1434 2335 1657 2375 Buecheler
1696 2336 1736 2375 in
1775 2334 2027 2387 praefatione
2064 2333 2188 2382 (1893
2230 2345 2321 2386 pag.
2350 2333 2453 2383 XIV)

133 2390 285 2431 nullum
329 2393 458 2432 nostri
502 2393 744 2443 exemplaris
790 2405 949 2433 versum
999 2393 1153 2433 idoneis
1197 2394 1445 2442 argumentis
1488 2405 1569 2432 non
1613 2404 1705 2432 esse
1748 2391 1947 2431 Iuvenalis
1992 2391 2316 2431 demonstratum
2359 2403 2453 2430 esse

133 2447 319 2486 censuit·
360 2447 477 2498 Quod
518 2460 657 2489 verum
701 2461 753 2489 an
791 2448 935 2489 falsum
977 2450 1042 2499 sit,
1084 2448 1189 2489 haud
1231 2448 1348 2489 facile
1385 2448 1572 2493 dixerim:
1615 2458 1771 2496 vereor,
1816 2457 1867 2487 ne
1907 2458 2012 2486 unus
2055 2451 2125 2488 aut
2164 2446 2268 2487 alter
2309 2457 2452 2487 versus

133 2502 293 2552 spurius
313 2503 616 2557 rectejdicatur.
661 2506 775 2554 Quae
805 2517 870 2545 res
900 2510 989 2545 utut
1018 2517 1063 2544 se
1093 2505 1228 2552 habet,
1267 2505 1317 2543 de
1355 2505 1572 2554 suppositis
1602 2504 1780 2542 Iuvenali
1810 2502 1994 2541 versibus
2032 2503 2154 2541 hodie
2179 2504 2309 2552 magis
2329 2514 2451 2553 quam

133 2561 255 2598 antea
284 2558 405 2599 modo
435 2563 476 2600 et
505 2561 664 2601 ratione
694 2560 888 2612 disputari
918 2561 959 2602 in
989 2564 1130 2613 aperto
1158 2565 1231 2601 est.

332 2614 390 2654 De
420 2616 629 2656 codicibus
658 2617 857 2656 Iuvenalis
892 2622 1004 2657 recte
1032 2617 1308 2656 existimandis
1339 2614 1508 2655 Carolus
1539 2614 1767 2654 Fridericus
1797 2613 2054 2653 Hermannus
2093 2617 2135 2653 et
2165 2612 2260 2653 Otto
2290 2612 2454 2653 Iahnius

133 2670 352 2721 quaerendi
373 2672 480 2711 viam
500 2671 890 2713 demonstraverant.
934 2672 1015 2713 Sed
1045 2684 1287 2724 quamquam
1318 2672 1490 2711 conlatis
1520 2670 1767 2721 singulorum
1798 2670 1985 2710 codicum
2008 2669 2250 2710 lectionibus
2271 2670 2452 2710 omnium

132 2725 324 2766 librorum
363 2727 662 2777 integerrimum
702 2734 743 2769 et
780 2730 1171 2780 praestantissimum
1209 2740 1300 2768 esse
1343 2730 1466 2767 unum
1508 2726 1691 2766 codicem
1731 2725 1997 2766 Pithoeanum
2039 2726 2126 2765 sive
2168 2724 2451 2777 Montepessu-

132 2781 267 2822 lanum
298 2783 518 2833 evicerant,
557 2784 734 2836 reliquos
764 2787 815 2825 ad
846 2798 969 2826 unum
999 2797 1140 2826 omnes
1170 2784 1434 2835 interpolatos
1464 2795 1555 2823 esse
1595 2781 1949 2830 confirmaverant,
1987 2786 2125 2822 tamen
2155 2793 2237 2821 non
2267 2781 2451 2829 deerant,

133 2838 213 2887 qui,
244 2848 337 2876 cum
367 2838 565 2879 lectiones
595 2840 748 2880 codicis
778 2840 810 2880 P
851 2852 932 2881 non
962 2852 1054 2882 esse
1082 2841 1277 2891 genuinas
1308 2843 1534 2888 censerent,
1574 2838 1646 2878 sed
1684 2848 1707 2877 e
1738 2838 1984 2877 coniecturis
2014 2836 2123 2877 Petri
2153 2835 2325 2886 Pithoei,
2365 2838 2453 2878 eius

133 2893 202 2943 qui
230 2893 414 2933 codicem
444 2895 484 2933 in
514 2895 760 2936 bibliotheca
790 2909 865 2936 sua
893 2897 1032 2937 habuit
1061 2909 1111 2936 ex
1142 2908 1272 2946 eoque
1301 2907 1338 2934 a.
1370 2894 1476 2933 1585
1505 2895 1653 2933 satiras
1684 2893 1819 2942 edidit,
1848 2892 1980 2932 factas
2010 2905 2103 2932 esse
2132 2893 2329 2940 dicerent,
2358 2894 2458 2932 reli-v

133 2958 303 2999 quorum
343 2947 528 2990 codicum
567 2952 853 2993 auctoritatem
892 2963 1030 2994 veram
1069 2961 1161 2993 csse
1199 2950 1470 3003 opinarentur.
1528 2947 1575 2989 Et
1614 2959 1665 2989 ne
1699 2947 1778 2989 hoc
1808 2947 1873 2989 die
1902 2947 2065 3000 quidem
2094 2959 2262 3000 prorsus
2292 2946 2453 2998 desunt,

132 3005 199 3052 qui
229 3005 433 3052 vulgatam
463 3008 745 3046 recensionem
775 3009 962 3055 retinere,
999 3019 1120 3058 quam
1161 3007 1313 3046 codicis
1342 3005 1374 3043 P
1403 3006 1574 3053 vestigia
1603 3005 1718 3054 sequi
1747 3004 1900 3042 malint.
1957 3003 2038 3043 Sed
2068 3014 2161 3042 esse
2190 3015 2315 3042 unum
2346 3005 2454 3043 hunc

132 3057 316 3099 codicem
345 3058 545 3111 integrum
575 3065 710 3103 textus
739 3063 955 3104 satirarum
985 3061 1222 3103 restituendi
1251 3064 1460 3101 auctorem
1498 3064 1540 3100 et
1569 3060 1684 3111 quasi
1713 3058 1859 3099 ducem
1889 3059 2007 3099 crisis
2036 3057 2324 3100 Iuvenalianae
2360 3071 2454 3101 cum

131 3125 155 3155 e
183 3114 425 3156 lectionibus
455 3117 641 3159 codicum
671 3120 759 3160 sine
789 3120 849 3160 ira
887 3123 928 3160 et
957 3119 1090 3160 studio
1120 3118 1327 3171 perpensis
1356 3120 1537 3168 apparet,
1577 3121 1662 3156 tum
1702 3116 1881 3167 ipsorum
1921 3115 2110 3156 codicum
2148 3119 2297 3156 natura
2330 3119 2455 3169 atque

131 3171 369 3211 condicione
410 3178 583 3213 constat.
642 3175 746 3214 Nam
786 3188 867 3214 non
907 3180 1043 3225 potest
1083 3175 1278 3222 dubitari,
1321 3174 1415 3223 quin
1456 3173 1636 3211 omnium
1676 3172 1863 3210 codicum
1902 3172 2150 3222 reliquorum
2193 3172 2391 3211 lectiones
2432 3185 2456 3213 e

2242 3252 2259 3281 1
