<?xml version="1.0" encoding="UTF-8"?>
<!DOCTYPE html PUBLIC "-//W3C//DTD XHTML 1.0 Transitional//EN"
    "http://www.w3.org/TR/xhtml1/DTD/xhtml1-transitional.dtd">
<html xmlns="http://www.w3.org/1999/xhtml" xml:lang="en" lang="en">
 <head>
  <title>
</title>
<meta http-equiv="Content-Type" content="text/html;charset=utf-8" />
  <meta name='ocr-system' content='tesseract 3.04.00' />
  <meta name='ocr-capabilities' content='ocr_page ocr_carea ocr_par ocr_line ocrx_word'/>
</head>
<body>
  <div class='ocr_page' id='page_1' title='image "4764225_0019.png"; bbox 0 0 2640 3438; ppageno 0'>
   <div class='ocr_carea' id='block_1_1' title="bbox 1287 230 1333 270">
    <p class='ocr_par' dir='ltr' id='par_1_1' title="bbox 1287 230 1333 270">
     <span class='ocr_line' id='line_1_1' title="bbox 1287 230 1333 270; baseline -0.022 0"><span class='ocrx_word' id='word_1_1' title='bbox 1287 230 1333 270; x_wconf 88' lang='lat'>11</span> 
     </span>
    </p>
   </div>
   <div class='ocr_carea' id='block_1_2' title="bbox 1171 359 1450 414">
    <p class='ocr_par' dir='ltr' id='par_1_2' title="bbox 1171 359 1450 414">
     <span class='ocr_line' id='line_1_2' title="bbox 1171 359 1450 414; baseline 0 0"><span class='ocrx_word' id='word_1_2' title='bbox 1171 361 1276 414; x_wconf 80' lang='lat' dir='ltr'>Vl.</span> <span class='ocrx_word' id='word_1_3' title='bbox 1309 359 1450 414; x_wconf 87' lang='lat'>415.</span> 
     </span>
    </p>
   </div>
   <div class='ocr_carea' id='block_1_3' title="bbox 674 445 2464 670">
    <p class='ocr_par' dir='ltr' id='par_1_3' title="bbox 679 445 1903 500">
     <span class='ocr_line' id='line_1_3' title="bbox 679 445 1903 500; baseline 0.002 -15"><span class='ocrx_word' id='word_1_4' title='bbox 679 457 754 486; x_wconf 85' lang='lat' dir='ltr'>nec</span> <span class='ocrx_word' id='word_1_5' title='bbox 787 451 923 487; x_wconf 87' lang='lat' dir='ltr'>tamen</span> <span class='ocrx_word' id='word_1_6' title='bbox 954 449 994 488; x_wconf 86' lang='lat' dir='ltr'>id</span> <span class='ocrx_word' id='word_1_7' title='bbox 1023 451 1163 492; x_wconf 81' lang='lat' dir='ltr'>vitium</span> <span class='ocrx_word' id='word_1_8' title='bbox 1194 446 1323 497; x_wconf 85' lang='lat' dir='ltr'>magis</span> <span class='ocrx_word' id='word_1_9' title='bbox 1351 445 1616 495; x_wconf 85' lang='lat' dir='ltr'>intolerabile,</span> <span class='ocrx_word' id='word_1_10' title='bbox 1648 459 1769 499; x_wconf 90' lang='lat' dir='ltr'>quam</span> <span class='ocrx_word' id='word_1_11' title='bbox 1799 458 1903 500; x_wconf 88' lang='lat' dir='ltr'>quae</span> 
     </span>
    </p>

    <p class='ocr_par' dir='ltr' id='par_1_4' title="bbox 678 502 1647 560">
     <span class='ocr_line' id='line_1_4' title="bbox 678 502 1647 560; baseline 0.008 -18"><span class='ocrx_word' id='word_1_12' title='bbox 678 503 833 544; x_wconf 87' lang='lat' dir='ltr'>vicinos</span> <span class='ocrx_word' id='word_1_13' title='bbox 863 504 1033 546; x_wconf 82' lang='lat' dir='ltr'>humiles</span> <span class='ocrx_word' id='word_1_14' title='bbox 1062 519 1208 560; x_wconf 89' lang='lat' dir='ltr'>rapere</span> <span class='ocrx_word' id='word_1_15' title='bbox 1237 507 1279 543; x_wconf 75' lang='lat' dir='ltr'>et</span> <span class='ocrx_word' id='word_1_16' title='bbox 1308 502 1522 543; x_wconf 73' lang='lat' dir='ltr'>concidere</span> <span class='ocrx_word' id='word_1_17' title='bbox 1551 503 1647 544; x_wconf 76' lang='lat' dir='ltr'>loris</span> 
     </span>
    </p>

    <p class='ocr_par' dir='ltr' id='par_1_5' title="bbox 674 557 2464 667">
     <span class='ocr_line' id='line_1_5' title="bbox 678 557 2464 606; baseline 0.003 -7"><span class='ocrx_word' id='word_1_18' title='bbox 678 564 848 601; x_wconf 86' lang='lat' dir='ltr'>exorata</span> <span class='ocrx_word' id='word_1_19' title='bbox 877 562 991 602; x_wconf 87' lang='lat' dir='ltr'>solet.</span> <span class='ocrx_word' id='word_1_20' title='bbox 1021 574 1116 604; x_wconf 89' lang='lat' dir='ltr'>nam</span> <span class='ocrx_word' id='word_1_21' title='bbox 1147 565 1182 605; x_wconf 91' lang='lat' dir='ltr'>si</span> <span class='ocrx_word' id='word_1_22' title='bbox 1211 557 1426 600; x_wconf 77' lang='lat' dir='ltr'>latratibus</span> <span class='ocrx_word' id='word_1_23' title='bbox 1455 558 1526 599; x_wconf 75' lang='lat' dir='ltr'>alti</span> <span class='ocrx_word' id='word_1_24' title='bbox 2383 565 2464 606; x_wconf 86' lang='lat'>415</span> 
     </span>
     <span class='ocr_line' id='line_1_6' title="bbox 674 614 1687 670; baseline 0 -15"><span class='ocrx_word' id='word_1_25' title='bbox 674 621 914 667; x_wconf 87' lang='lat' dir='ltr'>rumpuntur</span> <span class='ocrx_word' id='word_1_26' title='bbox 943 620 1089 668; x_wconf 91' lang='lat' dir='ltr'>somni,</span> <span class='ocrx_word' id='word_1_27' title='bbox 1122 620 1262 670; x_wconf 81' lang='lat' dir='ltr'>,fustes</span> <span class='ocrx_word' id='word_1_28' title='bbox 1291 615 1371 655; x_wconf 91' lang='lat' dir='ltr'>huc</span> <span class='ocrx_word' id='word_1_29' title='bbox 1401 614 1528 655; x_wconf 89' lang='lat' dir='ltr'>ocius&#39;</span> <span class='ocrx_word' id='word_1_30' title='bbox 1559 616 1687 667; x_wconf 91' lang='lat' dir='ltr'>inquit</span> 
     </span>
    </p>
   </div>
   <div class='ocr_carea' id='block_1_4' title="bbox 675 669 1777 770">
    <p class='ocr_par' dir='ltr' id='par_1_6' title="bbox 675 669 1777 769">
     <span class='ocr_line' id='line_1_7' title="bbox 680 669 1777 726; baseline -0.001 -13.988"><span class='ocrx_word' id='word_1_31' title='bbox 680 671 859 721; x_wconf 86' lang='lat' dir='ltr'>,’adferte</span> <span class='ocrx_word' id='word_1_32' title='bbox 890 678 1013 726; x_wconf 86' lang='lat' dir='ltr'>atque</span> <span class='ocrx_word' id='word_1_33' title='bbox 1042 675 1119 716; x_wconf 86' lang='lat' dir='ltr'>illis</span> <span class='ocrx_word' id='word_1_34' title='bbox 1155 672 1362 717; x_wconf 88' lang='lat' dir='ltr'>dominum</span> <span class='ocrx_word' id='word_1_35' title='bbox 1392 669 1504 712; x_wconf 91' lang='lat' dir='ltr'>iubet</span> <span class='ocrx_word' id='word_1_36' title='bbox 1532 676 1627 712; x_wconf 87' lang='lat' dir='ltr'>ante</span> <span class='ocrx_word' id='word_1_37' title='bbox 1656 671 1777 722; x_wconf 91' lang='lat' dir='ltr'>feriri,</span> 
     </span>
     <span class='ocr_line' id='line_1_8' title="bbox 675 728 1005 770; baseline 0.006 -3"><span class='ocrx_word' id='word_1_38' title='bbox 675 728 820 768; x_wconf 91' lang='lat' dir='ltr'>deinde</span> <span class='ocrx_word' id='word_1_39' title='bbox 849 741 1005 770; x_wconf 89' lang='lat' dir='ltr'>canem.</span> 
     </span>
    </p>
   </div>
   <div class='ocr_carea' id='block_1_5' title="bbox 141 794 2466 1804">
    <p class='ocr_par' dir='ltr' id='par_1_7' title="bbox 141 794 2466 1520">
     <span class='ocr_line' id='line_1_9' title="bbox 342 794 2464 847; baseline 0.002 -12"><span class='ocrx_word' id='word_1_40' title='bbox 342 794 399 835; x_wconf 92' lang='lat' dir='ltr'>De</span> <span class='ocrx_word' id='word_1_41' title='bbox 429 807 550 836; x_wconf 91' lang='lat' dir='ltr'>versu</span> <span class='ocrx_word' id='word_1_42' title='bbox 578 795 674 845; x_wconf 80' lang='lat'>415,</span> <span class='ocrx_word' id='word_1_43' title='bbox 704 794 773 834; x_wconf 92' lang='lat' dir='ltr'>ubi</span> <span class='ocrx_word' id='word_1_44' title='bbox 802 794 834 834; x_wconf 90' lang='lat' dir='ltr'>P</span> <span class='ocrx_word' id='word_1_45' title='bbox 863 796 1031 847; x_wconf 77' lang='lat' dir='ltr'>praebet</span> <span class='ocrx_word' id='word_1_46' title='bbox 1061 800 1262 847; x_wconf 73' lang='lat' dir='ltr'>eaeortata,</span> <span class='ocrx_word' id='word_1_47' title='bbox 1291 813 1322 836; x_wconf 87' lang='grc' dir='ltr'>ω</span> <span class='ocrx_word' id='word_1_48' title='bbox 1354 797 1536 844; x_wconf 77' lang='lat' dir='ltr'>exorata,</span> <span class='ocrx_word' id='word_1_49' title='bbox 1573 794 1705 835; x_wconf 92' lang='lat' dir='ltr'>adhuc</span> <span class='ocrx_word' id='word_1_50' title='bbox 1736 795 1998 847; x_wconf 80' lang='lat' dir='ltr'>disceptatur,</span> <span class='ocrx_word' id='word_1_51' title='bbox 2038 800 2172 836; x_wconf 89' lang='lat' dir='ltr'>utrum</span> <span class='ocrx_word' id='word_1_52' title='bbox 2209 797 2464 839; x_wconf 90' lang='lat' dir='ltr'>scribendum</span> 
     </span>
     <span class='ocr_line' id='line_1_10' title="bbox 143 849 2465 906; baseline 0.001 -13"><span class='ocrx_word' id='word_1_53' title='bbox 143 853 195 893; x_wconf 93' lang='lat' dir='ltr'>sit</span> <span class='ocrx_word' id='word_1_54' title='bbox 226 853 410 902; x_wconf 77' lang='lat' dir='ltr'>exorata,</span> <span class='ocrx_word' id='word_1_55' title='bbox 439 864 492 892; x_wconf 90' lang='lat' dir='ltr'>an</span> <span class='ocrx_word' id='word_1_56' title='bbox 523 853 737 902; x_wconf 78' lang='lat' dir='ltr'>eoeornata,</span> <span class='ocrx_word' id='word_1_57' title='bbox 766 863 818 892; x_wconf 90' lang='lat' dir='ltr'>an</span> <span class='ocrx_word' id='word_1_58' title='bbox 850 851 1077 895; x_wconf 74' lang='lat' dir='ltr'>exhortata.</span> <span class='ocrx_word' id='word_1_59' title='bbox 1134 853 1235 904; x_wconf 91' lang='lat' dir='ltr'>Hoc,</span> <span class='ocrx_word' id='word_1_60' title='bbox 1266 852 1374 906; x_wconf 89' lang='lat' dir='ltr'>quod</span> <span class='ocrx_word' id='word_1_61' title='bbox 1404 851 1578 893; x_wconf 88' lang='lat' dir='ltr'>coniecit</span> <span class='ocrx_word' id='word_1_62' title='bbox 1606 849 1829 892; x_wconf 87' lang='lat' dir='ltr'>Buecheler</span> <span class='ocrx_word' id='word_1_63' title='bbox 1863 851 1921 906; x_wconf 91' lang='lat' dir='ltr'>(in</span> <span class='ocrx_word' id='word_1_64' title='bbox 1956 851 2018 892; x_wconf 90' lang='lat' dir='ltr'>ed.</span> <span class='ocrx_word' id='word_1_65' title='bbox 2054 851 2161 905; x_wconf 89' lang='lat' dir='ltr'>tert.)</span> <span class='ocrx_word' id='word_1_66' title='bbox 2196 857 2250 902; x_wconf 87' lang='lat' dir='ltr'>et,</span> <span class='ocrx_word' id='word_1_67' title='bbox 2286 859 2396 894; x_wconf 89' lang='lat' dir='ltr'>recte</span> <span class='ocrx_word' id='word_1_68' title='bbox 2431 856 2465 895; x_wconf 91' lang='lat' dir='ltr'>si</span> 
     </span>
     <span class='ocr_line' id='line_1_11' title="bbox 142 907 2464 961; baseline 0.001 -13"><span class='ocrx_word' id='word_1_69' title='bbox 142 910 469 959; x_wconf 88' lang='lat' dir='ltr'>interpretamur,</span> <span class='ocrx_word' id='word_1_70' title='bbox 501 909 605 949; x_wconf 88' lang='lat' dir='ltr'>idem</span> <span class='ocrx_word' id='word_1_71' title='bbox 628 919 719 947; x_wconf 91' lang='lat' dir='ltr'>esse</span> <span class='ocrx_word' id='word_1_72' title='bbox 740 908 826 947; x_wconf 89' lang='lat' dir='ltr'>vult</span> <span class='ocrx_word' id='word_1_73' title='bbox 846 920 895 947; x_wconf 90' lang='lat' dir='ltr'>ac</span> <span class='ocrx_word' id='word_1_74' title='bbox 916 909 1017 949; x_wconf 85' lang='lat' dir='ltr'>solet</span> <span class='ocrx_word' id='word_1_75' title='bbox 1044 910 1251 961; x_wconf 80' lang='lat' dir='ltr'>impellere</span> <span class='ocrx_word' id='word_1_76' title='bbox 1269 921 1419 958; x_wconf 75' lang='lat' dir='ltr'>seri-03,</span> <span class='ocrx_word' id='word_1_77' title='bbox 1438 910 1485 947; x_wconf 84' lang='lat' dir='ltr'>ut</span> <span class='ocrx_word' id='word_1_78' title='bbox 1504 907 1659 947; x_wconf 80' lang='lat' dir='ltr'>viciuos</span> <span class='ocrx_word' id='word_1_79' title='bbox 1678 907 1851 947; x_wconf 78' lang='lat' dir='ltr'>humiles</span> <span class='ocrx_word' id='word_1_80' title='bbox 1870 907 2043 958; x_wconf 80' lang='lat' dir='ltr'>rapiant</span> <span class='ocrx_word' id='word_1_81' title='bbox 2063 910 2102 947; x_wconf 89' lang='lat' dir='ltr'>et</span> <span class='ocrx_word' id='word_1_82' title='bbox 2120 907 2220 947; x_wconf 80' lang='lat' dir='ltr'>loris</span> <span class='ocrx_word' id='word_1_83' title='bbox 2240 910 2464 960; x_wconf 78' lang='lat' dir='ltr'>concidant,</span> 
     </span>
     <span class='ocr_line' id='line_1_12' title="bbox 142 963 2463 1017; baseline 0.001 -12"><span class='ocrx_word' id='word_1_84' title='bbox 142 965 288 1006; x_wconf 88' lang='lat' dir='ltr'>nullius</span> <span class='ocrx_word' id='word_1_85' title='bbox 318 965 514 1005; x_wconf 88' lang='lat' dir='ltr'>momenti</span> <span class='ocrx_word' id='word_1_86' title='bbox 543 968 607 1006; x_wconf 89' lang='lat' dir='ltr'>est</span> <span class='ocrx_word' id='word_1_87' title='bbox 636 963 688 1003; x_wconf 93' lang='lat' dir='ltr'>ad</span> <span class='ocrx_word' id='word_1_88' title='bbox 718 965 963 1005; x_wconf 89' lang='lat' dir='ltr'>sententiam</span> <span class='ocrx_word' id='word_1_89' title='bbox 989 970 1084 1017; x_wconf 85' lang='lat' dir='ltr'>apte</span> <span class='ocrx_word' id='word_1_90' title='bbox 1104 965 1364 1014; x_wconf 77' lang='lat' dir='ltr'>efferendam,</span> <span class='ocrx_word' id='word_1_91' title='bbox 1395 976 1487 1005; x_wconf 90' lang='lat' dir='ltr'>cum</span> <span class='ocrx_word' id='word_1_92' title='bbox 1517 975 1589 1014; x_wconf 90' lang='lat' dir='ltr'>per</span> <span class='ocrx_word' id='word_1_93' title='bbox 1618 975 1662 1003; x_wconf 88' lang='lat' dir='ltr'>se</span> <span class='ocrx_word' id='word_1_94' title='bbox 1691 963 1817 1004; x_wconf 91' lang='lat' dir='ltr'>verba</span> <span class='ocrx_word' id='word_1_95' title='bbox 1846 963 1915 1004; x_wconf 87' lang='lat' dir='ltr'>illa</span> <span class='ocrx_word' id='word_1_96' title='bbox 1943 963 2127 1015; x_wconf 89' lang='lat' dir='ltr'>rapiendi</span> <span class='ocrx_word' id='word_1_97' title='bbox 2156 969 2198 1004; x_wconf 89' lang='lat' dir='ltr'>et</span> <span class='ocrx_word' id='word_1_98' title='bbox 2227 966 2463 1007; x_wconf 90' lang='lat' dir='ltr'>concidendi</span> 
     </span>
     <span class='ocr_line' id='line_1_13' title="bbox 141 1018 2465 1072; baseline 0.001 -12"><span class='ocrx_word' id='word_1_99' title='bbox 141 1021 248 1061; x_wconf 87' lang='lat' dir='ltr'>idem</span> <span class='ocrx_word' id='word_1_100' title='bbox 285 1020 450 1060; x_wconf 89' lang='lat' dir='ltr'>valeant</span> <span class='ocrx_word' id='word_1_101' title='bbox 485 1031 535 1058; x_wconf 90' lang='lat' dir='ltr'>ac</span> <span class='ocrx_word' id='word_1_102' title='bbox 569 1019 681 1059; x_wconf 84' lang='lat' dir='ltr'>iubet</span> <span class='ocrx_word' id='word_1_103' title='bbox 707 1018 864 1059; x_wconf 82' lang='lat' dir='ltr'>vicinos</span> <span class='ocrx_word' id='word_1_104' title='bbox 892 1020 987 1071; x_wconf 83' lang='lat' dir='ltr'>rapi</span> <span class='ocrx_word' id='word_1_105' title='bbox 1018 1024 1057 1060; x_wconf 89' lang='lat' dir='ltr'>et</span> <span class='ocrx_word' id='word_1_106' title='bbox 1086 1021 1252 1061; x_wconf 86' lang='lat' dir='ltr'>concidi.</span> <span class='ocrx_word' id='word_1_107' title='bbox 1310 1021 1450 1060; x_wconf 88' lang='lat' dir='ltr'>Lectio</span> <span class='ocrx_word' id='word_1_108' title='bbox 1485 1023 1633 1067; x_wconf 90' lang='lat' dir='ltr'>autem,</span> <span class='ocrx_word' id='word_1_109' title='bbox 1671 1030 1775 1070; x_wconf 90' lang='lat' dir='ltr'>quae</span> <span class='ocrx_word' id='word_1_110' title='bbox 1810 1024 1874 1058; x_wconf 90' lang='lat' dir='ltr'>est</span> <span class='ocrx_word' id='word_1_111' title='bbox 1911 1022 2126 1068; x_wconf 78' lang='lat' dir='ltr'>exornata,</span> <span class='ocrx_word' id='word_1_112' title='bbox 2160 1031 2280 1071; x_wconf 90' lang='lat' dir='ltr'>quam</span> <span class='ocrx_word' id='word_1_113' title='bbox 2316 1023 2465 1072; x_wconf 91' lang='lat' dir='ltr'>primus</span> 
     </span>
     <span class='ocr_line' id='line_1_14' title="bbox 142 1073 2464 1128; baseline 0 -12"><span class='ocrx_word' id='word_1_114' title='bbox 142 1076 353 1127; x_wconf 87' lang='lat' dir='ltr'>proposuit</span> <span class='ocrx_word' id='word_1_115' title='bbox 382 1073 622 1124; x_wconf 89' lang='lat' dir='ltr'>Scriverius,</span> <span class='ocrx_word' id='word_1_116' title='bbox 653 1075 807 1126; x_wconf 90' lang='lat' dir='ltr'>recepit</span> <span class='ocrx_word' id='word_1_117' title='bbox 836 1074 1044 1127; x_wconf 88' lang='lat' dir='ltr'>Weidner,</span> <span class='ocrx_word' id='word_1_118' title='bbox 1074 1078 1185 1117; x_wconf 92' lang='lat' dir='ltr'>omni</span> <span class='ocrx_word' id='word_1_119' title='bbox 1205 1081 1319 1116; x_wconf 90' lang='lat' dir='ltr'>caret</span> <span class='ocrx_word' id='word_1_120' title='bbox 1338 1074 1636 1128; x_wconf 85' lang='lat' dir='ltr'>probabilitate:</span> <span class='ocrx_word' id='word_1_121' title='bbox 1667 1086 1761 1114; x_wconf 90' lang='lat' dir='ltr'>nam</span> <span class='ocrx_word' id='word_1_122' title='bbox 1782 1086 1876 1114; x_wconf 91' lang='lat' dir='ltr'>cum</span> <span class='ocrx_word' id='word_1_123' title='bbox 1897 1086 2002 1127; x_wconf 90' lang='lat' dir='ltr'>quae</span> <span class='ocrx_word' id='word_1_124' title='bbox 2023 1080 2247 1126; x_wconf 88' lang='lat' dir='ltr'>sequuntur</span> <span class='ocrx_word' id='word_1_125' title='bbox 2266 1076 2464 1117; x_wconf 89' lang='lat' dir='ltr'>vocabula</span> 
     </span>
     <span class='ocr_line' id='line_1_15' title="bbox 141 1130 2464 1184; baseline 0 -12"><span class='ocrx_word' id='word_1_126' title='bbox 141 1145 241 1172; x_wconf 87' lang='lat' dir='ltr'>nam</span> <span class='ocrx_word' id='word_1_127' title='bbox 269 1131 307 1171; x_wconf 82' lang='lat' dir='ltr'>si</span> <span class='ocrx_word' id='word_1_128' title='bbox 335 1130 618 1181; x_wconf 82' lang='lat' dir='ltr'>gradationem</span> <span class='ocrx_word' id='word_1_129' title='bbox 647 1130 817 1172; x_wconf 86' lang='lat' dir='ltr'>subesse</span> <span class='ocrx_word' id='word_1_130' title='bbox 847 1132 1033 1182; x_wconf 83' lang='lat' dir='ltr'>doceant,</span> <span class='ocrx_word' id='word_1_131' title='bbox 1065 1146 1166 1184; x_wconf 92' lang='lat' dir='ltr'>opus</span> <span class='ocrx_word' id='word_1_132' title='bbox 1196 1138 1260 1173; x_wconf 89' lang='lat' dir='ltr'>est</span> <span class='ocrx_word' id='word_1_133' title='bbox 1289 1134 1329 1173; x_wconf 92' lang='lat' dir='ltr'>in</span> <span class='ocrx_word' id='word_1_134' title='bbox 1358 1133 1492 1183; x_wconf 89' lang='lat' dir='ltr'>priore</span> <span class='ocrx_word' id='word_1_135' title='bbox 1522 1130 1703 1171; x_wconf 90' lang='lat' dir='ltr'>membro</span> <span class='ocrx_word' id='word_1_136' title='bbox 1732 1130 1947 1180; x_wconf 89' lang='lat' dir='ltr'>vocabulo,</span> <span class='ocrx_word' id='word_1_137' title='bbox 1979 1131 2088 1183; x_wconf 90' lang='lat' dir='ltr'>quod</span> <span class='ocrx_word' id='word_1_138' title='bbox 2116 1132 2360 1183; x_wconf 83' lang='lat' dir='ltr'>respondeat</span> <span class='ocrx_word' id='word_1_139' title='bbox 2389 1134 2464 1173; x_wconf 91' lang='lat' dir='ltr'>illis</span> 
     </span>
     <span class='ocr_line' id='line_1_16' title="bbox 143 1185 2464 1242; baseline 0.001 -15"><span class='ocrx_word' id='word_1_140' title='bbox 143 1186 180 1227; x_wconf 85' lang='lat' dir='ltr'>si</span> <span class='ocrx_word' id='word_1_141' title='bbox 208 1185 429 1228; x_wconf 82' lang='lat' dir='ltr'>latratibus</span> <span class='ocrx_word' id='word_1_142' title='bbox 458 1185 535 1226; x_wconf 89' lang='lat' dir='ltr'>alti</span> <span class='ocrx_word' id='word_1_143' title='bbox 563 1189 815 1238; x_wconf 85' lang='lat' dir='ltr'>rumpuntur</span> <span class='ocrx_word' id='word_1_144' title='bbox 842 1187 985 1239; x_wconf 80' lang='lat' dir='ltr'>somni,</span> <span class='ocrx_word' id='word_1_145' title='bbox 1013 1201 1118 1242; x_wconf 91' lang='lat' dir='ltr'>quae</span> <span class='ocrx_word' id='word_1_146' title='bbox 1147 1189 1255 1230; x_wconf 91' lang='lat' dir='ltr'>idem</span> <span class='ocrx_word' id='word_1_147' title='bbox 1285 1188 1422 1229; x_wconf 90' lang='lat' dir='ltr'>valent</span> <span class='ocrx_word' id='word_1_148' title='bbox 1450 1199 1500 1228; x_wconf 89' lang='lat' dir='ltr'>ac</span> <span class='ocrx_word' id='word_1_149' title='bbox 1530 1186 1653 1227; x_wconf 84' lang='lat' dir='ltr'>irata.</span> <span class='ocrx_word' id='word_1_150' title='bbox 1711 1185 1886 1228; x_wconf 90' lang='lat' dir='ltr'>Dubium</span> <span class='ocrx_word' id='word_1_151' title='bbox 1921 1187 2042 1238; x_wconf 80' lang='lat' dir='ltr'>igitur</span> <span class='ocrx_word' id='word_1_152' title='bbox 2077 1198 2169 1228; x_wconf 86' lang='lat' dir='ltr'>esse</span> <span class='ocrx_word' id='word_1_153' title='bbox 2204 1188 2373 1237; x_wconf 87' lang='lat' dir='ltr'>videtur,</span> <span class='ocrx_word' id='word_1_154' title='bbox 2411 1201 2464 1230; x_wconf 91' lang='lat' dir='ltr'>an</span> 
     </span>
     <span class='ocr_line' id='line_1_17' title="bbox 144 1242 2466 1297; baseline 0.001 -14"><span class='ocrx_word' id='word_1_155' title='bbox 144 1246 346 1284; x_wconf 67' lang='lat' dir='ltr'>escornata</span> <span class='ocrx_word' id='word_1_156' title='bbox 374 1244 415 1282; x_wconf 88' lang='lat' dir='ltr'>in</span> <span class='ocrx_word' id='word_1_157' title='bbox 444 1243 550 1288; x_wconf 85' lang='lat' dir='ltr'>hanc</span> <span class='ocrx_word' id='word_1_158' title='bbox 580 1244 824 1284; x_wconf 87' lang='lat' dir='ltr'>sententiam</span> <span class='ocrx_word' id='word_1_159' title='bbox 854 1256 935 1284; x_wconf 91' lang='lat' dir='ltr'>non</span> <span class='ocrx_word' id='word_1_160' title='bbox 970 1245 1154 1297; x_wconf 87' lang='lat' dir='ltr'>quadret.</span> <span class='ocrx_word' id='word_1_161' title='bbox 1200 1244 1353 1285; x_wconf 88' lang='lat' dir='ltr'>Contra</span> <span class='ocrx_word' id='word_1_162' title='bbox 1388 1243 1629 1284; x_wconf 87' lang='lat' dir='ltr'>vocabulum</span> <span class='ocrx_word' id='word_1_163' title='bbox 1673 1245 1846 1283; x_wconf 78' lang='lat' dir='ltr'>eoeorata</span> <span class='ocrx_word' id='word_1_164' title='bbox 1891 1243 2010 1295; x_wconf 89' lang='lat' dir='ltr'>plane</span> <span class='ocrx_word' id='word_1_165' title='bbox 2045 1242 2246 1283; x_wconf 86' lang='lat' dir='ltr'>satisfacit</span> <span class='ocrx_word' id='word_1_166' title='bbox 2279 1256 2466 1285; x_wconf 88' lang='lat' dir='ltr'>versuum</span> 
     </span>
     <span class='ocr_line' id='line_1_18' title="bbox 142 1299 2466 1353; baseline 0 -12"><span class='ocrx_word' id='word_1_167' title='bbox 142 1301 379 1341; x_wconf 90' lang='lat' dir='ltr'>sententiae.</span> <span class='ocrx_word' id='word_1_168' title='bbox 436 1299 538 1340; x_wconf 85' lang='lat' dir='ltr'>Nam</span> <span class='ocrx_word' id='word_1_169' title='bbox 569 1313 661 1340; x_wconf 88' lang='lat' dir='ltr'>cum</span> <span class='ocrx_word' id='word_1_170' title='bbox 691 1304 778 1340; x_wconf 94' lang='lat' dir='ltr'>toto</span> <span class='ocrx_word' id='word_1_171' title='bbox 809 1300 900 1341; x_wconf 92' lang='lat' dir='ltr'>loco</span> <span class='ocrx_word' id='word_1_172' title='bbox 930 1306 1052 1353; x_wconf 89' lang='lat' dir='ltr'>poeta</span> <span class='ocrx_word' id='word_1_173' title='bbox 1081 1302 1121 1343; x_wconf 91' lang='lat' dir='ltr'>id</span> <span class='ocrx_word' id='word_1_174' title='bbox 1150 1302 1327 1351; x_wconf 86' lang='lat' dir='ltr'>studeat,</span> <span class='ocrx_word' id='word_1_175' title='bbox 1357 1306 1401 1342; x_wconf 91' lang='lat' dir='ltr'>ut</span> <span class='ocrx_word' id='word_1_176' title='bbox 1430 1300 1604 1341; x_wconf 88' lang='lat' dir='ltr'>feminae</span> <span class='ocrx_word' id='word_1_177' title='bbox 1633 1300 1885 1341; x_wconf 90' lang='lat' dir='ltr'>iracundiam</span> <span class='ocrx_word' id='word_1_178' title='bbox 1922 1300 2215 1353; x_wconf 87' lang='lat' dir='ltr'>saevitiamque</span> <span class='ocrx_word' id='word_1_179' title='bbox 2250 1300 2466 1342; x_wconf 85' lang='lat' dir='ltr'>fortissima</span> 
     </span>
     <span class='ocr_line' id='line_1_19' title="bbox 143 1356 2464 1409; baseline 0 -12"><span class='ocrx_word' id='word_1_180' title='bbox 143 1357 415 1408; x_wconf 88' lang='lat' dir='ltr'>descriptione</span> <span class='ocrx_word' id='word_1_181' title='bbox 445 1359 655 1407; x_wconf 84' lang='lat' dir='ltr'>exprimat,</span> <span class='ocrx_word' id='word_1_182' title='bbox 687 1357 790 1398; x_wconf 87' lang='lat' dir='ltr'>bene</span> <span class='ocrx_word' id='word_1_183' title='bbox 821 1369 911 1397; x_wconf 87' lang='lat' dir='ltr'>eam</span> <span class='ocrx_word' id='word_1_184' title='bbox 942 1369 993 1398; x_wconf 89' lang='lat' dir='ltr'>ne</span> <span class='ocrx_word' id='word_1_185' title='bbox 1023 1359 1247 1399; x_wconf 91' lang='lat' dir='ltr'>vicinorum</span> <span class='ocrx_word' id='word_1_186' title='bbox 1283 1358 1443 1409; x_wconf 91' lang='lat' dir='ltr'>quidem</span> <span class='ocrx_word' id='word_1_187' title='bbox 1478 1356 1667 1408; x_wconf 81' lang='lat' dir='ltr'>precibus</span> <span class='ocrx_word' id='word_1_188' title='bbox 1703 1357 1927 1407; x_wconf 86' lang='lat' dir='ltr'>mitigatam</span> <span class='ocrx_word' id='word_1_189' title='bbox 1963 1361 2086 1406; x_wconf 86' lang='lat' dir='ltr'>negat</span> <span class='ocrx_word' id='word_1_190' title='bbox 2119 1357 2217 1397; x_wconf 91' lang='lat' dir='ltr'>loris</span> <span class='ocrx_word' id='word_1_191' title='bbox 2251 1357 2464 1407; x_wconf 89' lang='lat' dir='ltr'>abstinere,</span> 
     </span>
     <span class='ocr_line' id='line_1_20' title="bbox 142 1412 2465 1465; baseline 0.001 -13"><span class='ocrx_word' id='word_1_192' title='bbox 142 1414 203 1452; x_wconf 89' lang='lat' dir='ltr'>ira</span> <span class='ocrx_word' id='word_1_193' title='bbox 251 1412 541 1452; x_wconf 85' lang='lat' dir='ltr'>inflammatam</span> <span class='ocrx_word' id='word_1_194' title='bbox 590 1414 732 1465; x_wconf 89' lang='lat' dir='ltr'>suique</span> <span class='ocrx_word' id='word_1_195' title='bbox 781 1425 863 1453; x_wconf 93' lang='lat' dir='ltr'>non</span> <span class='ocrx_word' id='word_1_196' title='bbox 911 1419 1142 1465; x_wconf 91' lang='lat' dir='ltr'>compotem</span> <span class='ocrx_word' id='word_1_197' title='bbox 1189 1413 1363 1454; x_wconf 81' lang='lat' dir='ltr'>fustibus</span> <span class='ocrx_word' id='word_1_198' title='bbox 1417 1414 1474 1453; x_wconf 87' lang='lat' dir='ltr'>uti</span> <span class='ocrx_word' id='word_1_199' title='bbox 1523 1414 1544 1452; x_wconf 91' lang='lat' dir='ltr'>i.</span> <span class='ocrx_word' id='word_1_200' title='bbox 1595 1425 1628 1452; x_wconf 87' lang='lat' dir='ltr'>e.</span> <span class='ocrx_word' id='word_1_201' title='bbox 1676 1412 1930 1454; x_wconf 87' lang='lat' dir='ltr'>verberando</span> <span class='ocrx_word' id='word_1_202' title='bbox 1979 1413 2151 1453; x_wconf 89' lang='lat' dir='ltr'>miseros</span> <span class='ocrx_word' id='word_1_203' title='bbox 2199 1412 2288 1453; x_wconf 86' lang='lat' dir='ltr'>illos</span> <span class='ocrx_word' id='word_1_204' title='bbox 2338 1426 2465 1464; x_wconf 90' lang='lat' dir='ltr'>paene</span> 
     </span>
     <span class='ocr_line' id='line_1_21' title="bbox 142 1467 540 1520; baseline -0.003 -11"><span class='ocrx_word' id='word_1_205' title='bbox 142 1480 292 1509; x_wconf 88' lang='lat' dir='ltr'>necare</span> <span class='ocrx_word' id='word_1_206' title='bbox 321 1467 540 1520; x_wconf 83' lang='lat' dir='ltr'>profitetur.</span> 
     </span>
    </p>

    <p class='ocr_par' dir='ltr' id='par_1_8' title="bbox 143 1528 2466 1804">
     <span class='ocr_line' id='line_1_22' title="bbox 344 1528 2465 1580; baseline 0 -12"><span class='ocrx_word' id='word_1_207' title='bbox 344 1528 471 1568; x_wconf 88' lang='lat' dir='ltr'>Recte</span> <span class='ocrx_word' id='word_1_208' title='bbox 501 1529 621 1579; x_wconf 88' lang='lat' dir='ltr'>igitur</span> <span class='ocrx_word' id='word_1_209' title='bbox 650 1528 847 1570; x_wconf 84' lang='lat' dir='ltr'>Biicheler</span> <span class='ocrx_word' id='word_1_210' title='bbox 876 1530 917 1569; x_wconf 89' lang='lat' dir='ltr'>in</span> <span class='ocrx_word' id='word_1_211' title='bbox 947 1530 1124 1570; x_wconf 90' lang='lat' dir='ltr'>editione</span> <span class='ocrx_word' id='word_1_212' title='bbox 1153 1530 1282 1570; x_wconf 86' lang='lat' dir='ltr'>altera</span> <span class='ocrx_word' id='word_1_213' title='bbox 1311 1529 1469 1570; x_wconf 90' lang='lat' dir='ltr'>videtur</span> <span class='ocrx_word' id='word_1_214' title='bbox 1496 1541 1518 1569; x_wconf 90' lang='lat' dir='ltr'>e</span> <span class='ocrx_word' id='word_1_215' title='bbox 1548 1529 1722 1569; x_wconf 89' lang='lat' dir='ltr'>lectione</span> <span class='ocrx_word' id='word_1_216' title='bbox 1752 1529 1905 1569; x_wconf 90' lang='lat' dir='ltr'>codicis</span> <span class='ocrx_word' id='word_1_217' title='bbox 1935 1528 1967 1568; x_wconf 91' lang='lat' dir='ltr'>P</span> <span class='ocrx_word' id='word_1_218' title='bbox 1987 1529 2214 1569; x_wconf 85' lang='lat' dir='ltr'>restituisse</span> <span class='ocrx_word' id='word_1_219' title='bbox 2246 1530 2465 1580; x_wconf 82' lang='lat' dir='ltr'>vulgatam:</span> 
     </span>
     <span class='ocr_line' id='line_1_23' title="bbox 143 1584 2465 1636; baseline 0.001 -13"><span class='ocrx_word' id='word_1_220' title='bbox 143 1584 293 1624; x_wconf 81' lang='lat' dir='ltr'>femina</span> <span class='ocrx_word' id='word_1_221' title='bbox 323 1584 523 1636; x_wconf 86' lang='lat' dir='ltr'>quaedam</span> <span class='ocrx_word' id='word_1_222' title='bbox 553 1596 679 1626; x_wconf 85' lang='lat' dir='ltr'>saeva</span> <span class='ocrx_word' id='word_1_223' title='bbox 708 1589 749 1625; x_wconf 90' lang='lat' dir='ltr'>et</span> <span class='ocrx_word' id='word_1_224' title='bbox 778 1585 997 1636; x_wconf 87' lang='lat' dir='ltr'>imperiosa</span> <span class='ocrx_word' id='word_1_225' title='bbox 1025 1586 1150 1626; x_wconf 88' lang='lat' dir='ltr'>animi</span> <span class='ocrx_word' id='word_1_226' title='bbox 1179 1597 1306 1626; x_wconf 88' lang='lat' dir='ltr'>causa</span> <span class='ocrx_word' id='word_1_227' title='bbox 1334 1586 1491 1624; x_wconf 89' lang='lat' dir='ltr'>vicinos</span> <span class='ocrx_word' id='word_1_228' title='bbox 1528 1585 1700 1624; x_wconf 89' lang='lat' dir='ltr'>humiles</span> <span class='ocrx_word' id='word_1_229' title='bbox 1734 1589 1887 1625; x_wconf 90' lang='lat' dir='ltr'>temere</span> <span class='ocrx_word' id='word_1_230' title='bbox 1923 1596 2073 1624; x_wconf 81' lang='lat' dir='ltr'>vexare</span> <span class='ocrx_word' id='word_1_231' title='bbox 2108 1585 2231 1634; x_wconf 83' lang='lat' dir='ltr'>solet3</span> <span class='ocrx_word' id='word_1_232' title='bbox 2268 1586 2465 1626; x_wconf 89' lang='lat' dir='ltr'>interdum</span> 
     </span>
     <span class='ocr_line' id='line_1_24' title="bbox 143 1640 2466 1692; baseline 0.001 -13"><span class='ocrx_word' id='word_1_233' title='bbox 143 1640 332 1690; x_wconf 88' lang='lat' dir='ltr'>precibus</span> <span class='ocrx_word' id='word_1_234' title='bbox 362 1652 504 1680; x_wconf 89' lang='lat' dir='ltr'>eorum</span> <span class='ocrx_word' id='word_1_235' title='bbox 533 1641 574 1680; x_wconf 89' lang='lat' dir='ltr'>in</span> <span class='ocrx_word' id='word_1_236' title='bbox 604 1641 859 1681; x_wconf 88' lang='lat' dir='ltr'>clementiam</span> <span class='ocrx_word' id='word_1_237' title='bbox 892 1654 1011 1681; x_wconf 89' lang='lat' dir='ltr'>versa</span> <span class='ocrx_word' id='word_1_238' title='bbox 1039 1642 1136 1682; x_wconf 90' lang='lat' dir='ltr'>loris</span> <span class='ocrx_word' id='word_1_239' title='bbox 1167 1653 1239 1682; x_wconf 92' lang='lat' dir='ltr'>eos</span> <span class='ocrx_word' id='word_1_240' title='bbox 1269 1641 1485 1681; x_wconf 90' lang='lat' dir='ltr'>concidere</span> <span class='ocrx_word' id='word_1_241' title='bbox 1521 1641 1621 1681; x_wconf 86' lang='lat' dir='ltr'>satis</span> <span class='ocrx_word' id='word_1_242' title='bbox 1656 1640 1795 1688; x_wconf 81' lang='lat' dir='ltr'>habet3</span> <span class='ocrx_word' id='word_1_243' title='bbox 1834 1640 1906 1680; x_wconf 91' lang='lat' dir='ltr'>sed</span> <span class='ocrx_word' id='word_1_244' title='bbox 1942 1653 2025 1680; x_wconf 90' lang='lat' dir='ltr'>non</span> <span class='ocrx_word' id='word_1_245' title='bbox 2061 1652 2222 1692; x_wconf 86' lang='lat' dir='ltr'>semper</span> <span class='ocrx_word' id='word_1_246' title='bbox 2259 1647 2466 1682; x_wconf 85' lang='lat' dir='ltr'>exoratur:</span> 
     </span>
     <span class='ocr_line' id='line_1_25' title="bbox 143 1696 2464 1749; baseline 0.001 -14"><span class='ocrx_word' id='word_1_247' title='bbox 143 1707 238 1736; x_wconf 89' lang='lat' dir='ltr'>nam</span> <span class='ocrx_word' id='word_1_248' title='bbox 277 1696 312 1735; x_wconf 92' lang='lat' dir='ltr'>si</span> <span class='ocrx_word' id='word_1_249' title='bbox 353 1700 428 1745; x_wconf 90' lang='lat' dir='ltr'>est,</span> <span class='ocrx_word' id='word_1_250' title='bbox 466 1697 574 1749; x_wconf 91' lang='lat' dir='ltr'>quod</span> <span class='ocrx_word' id='word_1_251' title='bbox 611 1697 826 1747; x_wconf 88' lang='lat' dir='ltr'>irascatur,</span> <span class='ocrx_word' id='word_1_252' title='bbox 866 1698 901 1737; x_wconf 89' lang='lat' dir='ltr'>si</span> <span class='ocrx_word' id='word_1_253' title='bbox 939 1697 1043 1738; x_wconf 90' lang='lat' dir='ltr'>forte</span> <span class='ocrx_word' id='word_1_254' title='bbox 1082 1710 1249 1739; x_wconf 91' lang='lat' dir='ltr'>somnus</span> <span class='ocrx_word' id='word_1_255' title='bbox 1288 1698 1326 1737; x_wconf 92' lang='lat' dir='ltr'>ei</span> <span class='ocrx_word' id='word_1_256' title='bbox 1364 1698 1610 1748; x_wconf 88' lang='lat' dir='ltr'>interruptus</span> <span class='ocrx_word' id='word_1_257' title='bbox 1648 1700 1712 1736; x_wconf 90' lang='lat' dir='ltr'>est</span> <span class='ocrx_word' id='word_1_258' title='bbox 1745 1696 1894 1736; x_wconf 90' lang='lat' dir='ltr'>latratu</span> <span class='ocrx_word' id='word_1_259' title='bbox 1930 1708 2091 1746; x_wconf 89' lang='lat' dir='ltr'>canum,</span> <span class='ocrx_word' id='word_1_260' title='bbox 2128 1697 2189 1736; x_wconf 91' lang='lat' dir='ltr'>ira</span> <span class='ocrx_word' id='word_1_261' title='bbox 2218 1697 2464 1738; x_wconf 87' lang='lat' dir='ltr'>inflammata</span> 
     </span>
     <span class='ocr_line' id='line_1_26' title="bbox 144 1751 2316 1804; baseline 0.001 -13"><span class='ocrx_word' id='word_1_262' title='bbox 144 1751 315 1792; x_wconf 82' lang='lat' dir='ltr'>fustibus</span> <span class='ocrx_word' id='word_1_263' title='bbox 345 1753 462 1792; x_wconf 90' lang='lat' dir='ltr'>caedi</span> <span class='ocrx_word' id='word_1_264' title='bbox 491 1752 602 1793; x_wconf 91' lang='lat' dir='ltr'>iubet</span> <span class='ocrx_word' id='word_1_265' title='bbox 631 1758 672 1793; x_wconf 91' lang='lat' dir='ltr'>et</span> <span class='ocrx_word' id='word_1_266' title='bbox 702 1764 845 1793; x_wconf 89' lang='lat' dir='ltr'>canem</span> <span class='ocrx_word' id='word_1_267' title='bbox 876 1758 917 1794; x_wconf 91' lang='lat' dir='ltr'>et</span> <span class='ocrx_word' id='word_1_268' title='bbox 946 1754 1163 1794; x_wconf 83' lang='lat' dir='ltr'>dominum.</span> <span class='ocrx_word' id='word_1_269' title='bbox 1221 1753 1290 1794; x_wconf 90' lang='lat' dir='ltr'>Sic</span> <span class='ocrx_word' id='word_1_270' title='bbox 1320 1753 1542 1793; x_wconf 86' lang='lat' dir='ltr'>scholiasta</span> <span class='ocrx_word' id='word_1_271' title='bbox 1571 1765 1731 1804; x_wconf 89' lang='lat' dir='ltr'>quoque</span> <span class='ocrx_word' id='word_1_272' title='bbox 1761 1753 1894 1793; x_wconf 90' lang='lat' dir='ltr'>locum</span> <span class='ocrx_word' id='word_1_273' title='bbox 1924 1754 2214 1804; x_wconf 89' lang='lat' dir='ltr'>interpretatus</span> <span class='ocrx_word' id='word_1_274' title='bbox 2243 1758 2316 1793; x_wconf 89' lang='lat' dir='ltr'>est.</span> 
     </span>
    </p>
   </div>
   <div class='ocr_carea' id='block_1_6' title="bbox 143 1814 2466 1989">
    <p class='ocr_par' dir='ltr' id='par_1_9' title="bbox 143 1814 2466 1989">
     <span class='ocr_line' id='line_1_27' title="bbox 345 1814 2466 1877; baseline 0 -13"><span class='ocrx_word' id='word_1_275' title='bbox 345 1824 458 1875; x_wconf 88' lang='lat' dir='ltr'>Quae</span> <span class='ocrx_word' id='word_1_276' title='bbox 494 1825 534 1864; x_wconf 92' lang='lat' dir='ltr'>in</span> <span class='ocrx_word' id='word_1_277' title='bbox 571 1825 713 1865; x_wconf 90' lang='lat' dir='ltr'>codice</span> <span class='ocrx_word' id='word_1_278' title='bbox 749 1824 780 1864; x_wconf 87' lang='lat' dir='ltr'>P</span> <span class='ocrx_word' id='word_1_279' title='bbox 819 1830 882 1865; x_wconf 88' lang='lat' dir='ltr'>est</span> <span class='ocrx_word' id='word_1_280' title='bbox 920 1824 1042 1865; x_wconf 91' lang='lat' dir='ltr'>lectio</span> <span class='ocrx_word' id='word_1_281' title='bbox 1082 1827 1271 1865; x_wconf 56' lang='lat' dir='ltr'>&amp;certata</span> <span class='ocrx_word' id='word_1_282' title='bbox 1308 1814 1464 1865; x_wconf 85' lang='lat' dir='ltr'>merum</span> <span class='ocrx_word' id='word_1_283' title='bbox 1501 1829 1564 1865; x_wconf 89' lang='lat' dir='ltr'>est</span> <span class='ocrx_word' id='word_1_284' title='bbox 1599 1823 1854 1864; x_wconf 88' lang='lat' dir='ltr'>librariorum</span> <span class='ocrx_word' id='word_1_285' title='bbox 1892 1824 2095 1873; x_wconf 90' lang='lat' dir='ltr'>mendum,</span> <span class='ocrx_word' id='word_1_286' title='bbox 2136 1825 2269 1876; x_wconf 87' lang='lat' dir='ltr'>qualia</span> <span class='ocrx_word' id='word_1_287' title='bbox 2307 1827 2466 1877; x_wconf 83' lang='lat' dir='ltr'>saepius</span> 
     </span>
     <span class='ocr_line' id='line_1_28' title="bbox 143 1880 2463 1933; baseline 0.001 -14"><span class='ocrx_word' id='word_1_288' title='bbox 143 1881 413 1930; x_wconf 90' lang='lat' dir='ltr'>inveniuntur,</span> <span class='ocrx_word' id='word_1_289' title='bbox 444 1881 554 1921; x_wconf 90' lang='lat' dir='ltr'>velut</span> <span class='ocrx_word' id='word_1_290' title='bbox 583 1883 623 1921; x_wconf 90' lang='lat' dir='ltr'>in</span> <span class='ocrx_word' id='word_1_291' title='bbox 653 1883 741 1932; x_wconf 89' lang='lat' dir='ltr'>ipsa</span> <span class='ocrx_word' id='word_1_292' title='bbox 770 1882 897 1921; x_wconf 88' lang='lat' dir='ltr'>satira</span> <span class='ocrx_word' id='word_1_293' title='bbox 926 1880 977 1921; x_wconf 93' lang='lat' dir='ltr'>VI</span> <span class='ocrx_word' id='word_1_294' title='bbox 1007 1881 1089 1921; x_wconf 82' lang='lat'>526</span> <span class='ocrx_word' id='word_1_295' title='bbox 1120 1884 1273 1932; x_wconf 83' lang='lat' dir='ltr'>ereptet</span> <span class='ocrx_word' id='word_1_296' title='bbox 1300 1893 1373 1933; x_wconf 91' lang='lat' dir='ltr'>pro</span> <span class='ocrx_word' id='word_1_297' title='bbox 1405 1884 1556 1932; x_wconf 87' lang='lat' dir='ltr'>erepet:</span> <span class='ocrx_word' id='word_1_298' title='bbox 1586 1881 1747 1932; x_wconf 89' lang='lat' dir='ltr'>scripsit</span> <span class='ocrx_word' id='word_1_299' title='bbox 1777 1882 1883 1921; x_wconf 89' lang='lat' dir='ltr'>enim</span> <span class='ocrx_word' id='word_1_300' title='bbox 1913 1880 2101 1920; x_wconf 86' lang='lat' dir='ltr'>librarius</span> <span class='ocrx_word' id='word_1_301' title='bbox 2122 1882 2249 1921; x_wconf 90' lang='lat' dir='ltr'>oculis</span> <span class='ocrx_word' id='word_1_302' title='bbox 2270 1882 2463 1933; x_wconf 89' lang='lat' dir='ltr'>deceptus</span> 
     </span>
     <span class='ocr_line' id='line_1_29' title="bbox 143 1938 1151 1989; baseline 0.002 -13"><span class='ocrx_word' id='word_1_303' title='bbox 143 1939 287 1976; x_wconf 72' lang='lat' dir='ltr'>exorta</span> <span class='ocrx_word' id='word_1_304' title='bbox 317 1941 358 1976; x_wconf 89' lang='lat' dir='ltr'>et</span> <span class='ocrx_word' id='word_1_305' title='bbox 387 1938 562 1978; x_wconf 82' lang='lat' dir='ltr'>correxit</span> <span class='ocrx_word' id='word_1_306' title='bbox 593 1938 751 1979; x_wconf 89' lang='lat' dir='ltr'>literula</span> <span class='ocrx_word' id='word_1_307' title='bbox 782 1940 798 1977; x_wconf 93' lang='lat' dir='ltr'>t</span> <span class='ocrx_word' id='word_1_308' title='bbox 826 1950 907 1978; x_wconf 91' lang='lat' dir='ltr'>non</span> <span class='ocrx_word' id='word_1_309' title='bbox 938 1942 1151 1989; x_wconf 84' lang='lat' dir='ltr'>expuncta.</span> 
     </span>
    </p>
   </div>
   <div class='ocr_carea' id='block_1_7' title="bbox 1179 287 1445 294">
    <p class='ocr_par' dir='ltr' id='par_1_10' title="bbox 1179 287 1445 294">
     <span class='ocr_line' id='line_1_30' title="bbox 1179 287 1445 294; baseline 0 3144"><span class='ocrx_word' id='word_1_310' title='bbox 1179 287 1445 294; x_wconf 95' lang='lat' dir='ltr'> </span> 
     </span>
    </p>
   </div>
   <div class='ocr_carea' id='block_1_8' title="bbox 1075 2088 1548 2154">
    <p class='ocr_par' dir='ltr' id='par_1_11' title="bbox 1075 2088 1548 2154">
     <span class='ocr_line' id='line_1_31' title="bbox 1075 2088 1548 2154; baseline 0.002 -12"><span class='ocrx_word' id='word_1_311' title='bbox 1075 2089 1179 2143; x_wconf 93' lang='lat' dir='ltr'>Vl.</span> <span class='ocrx_word' id='word_1_312' title='bbox 1214 2088 1362 2146; x_wconf 83' lang='lat'>589</span> <span class='ocrx_word' id='word_1_313' title='bbox 1399 2100 1548 2154; x_wconf 90' lang='lat' dir='ltr'>squ.</span> 
     </span>
    </p>
   </div>
   <div class='ocr_carea' id='block_1_9' title="bbox 143 2180 2473 3187">
    <p class='ocr_par' dir='ltr' id='par_1_12' title="bbox 746 2180 1842 2346">
     <span class='ocr_line' id='line_1_32' title="bbox 748 2180 1842 2233; baseline 0.001 -12"><span class='ocrx_word' id='word_1_314' title='bbox 748 2193 852 2232; x_wconf 88' lang='lat' dir='ltr'>quae</span> <span class='ocrx_word' id='word_1_315' title='bbox 883 2181 1000 2221; x_wconf 91' lang='lat' dir='ltr'>nudis</span> <span class='ocrx_word' id='word_1_316' title='bbox 1030 2182 1193 2233; x_wconf 85' lang='lat' dir='ltr'>longum</span> <span class='ocrx_word' id='word_1_317' title='bbox 1223 2182 1401 2223; x_wconf 91' lang='lat' dir='ltr'>ostendit</span> <span class='ocrx_word' id='word_1_318' title='bbox 1431 2180 1656 2222; x_wconf 89' lang='lat' dir='ltr'>cervicibus</span> <span class='ocrx_word' id='word_1_319' title='bbox 1686 2193 1842 2231; x_wconf 88' lang='lat' dir='ltr'>aurum,</span> 
     </span>
     <span class='ocr_line' id='line_1_33' title="bbox 747 2237 1823 2290; baseline 0.001 -14"><span class='ocrx_word' id='word_1_320' title='bbox 747 2237 923 2277; x_wconf 89' lang='lat' dir='ltr'>consulit</span> <span class='ocrx_word' id='word_1_321' title='bbox 952 2241 1049 2277; x_wconf 89' lang='lat' dir='ltr'>ante</span> <span class='ocrx_word' id='word_1_322' title='bbox 1078 2237 1181 2278; x_wconf 80' lang='lat' dir='ltr'>falas</span> <span class='ocrx_word' id='word_1_323' title='bbox 1210 2238 1570 2290; x_wconf 87' lang='lat' dir='ltr'>delphinorumque</span> <span class='ocrx_word' id='word_1_324' title='bbox 1600 2237 1823 2287; x_wconf 89' lang='lat' dir='ltr'>columnas,</span> 
     </span>
     <span class='ocr_line' id='line_1_34' title="bbox 746 2293 1704 2346; baseline 0.001 -13"><span class='ocrx_word' id='word_1_325' title='bbox 746 2305 800 2333; x_wconf 86' lang='lat' dir='ltr'>an</span> <span class='ocrx_word' id='word_1_326' title='bbox 830 2305 929 2345; x_wconf 85' lang='lat' dir='ltr'>saga</span> <span class='ocrx_word' id='word_1_327' title='bbox 958 2293 1149 2335; x_wconf 86' lang='lat' dir='ltr'>vendenti</span> <span class='ocrx_word' id='word_1_328' title='bbox 1178 2294 1305 2335; x_wconf 87' lang='lat' dir='ltr'>nubat</span> <span class='ocrx_word' id='word_1_329' title='bbox 1335 2305 1519 2346; x_wconf 89' lang='lat' dir='ltr'>caupone</span> <span class='ocrx_word' id='word_1_330' title='bbox 1548 2293 1704 2335; x_wconf 91' lang='lat' dir='ltr'>relicto.</span> 
     </span>
    </p>

    <p class='ocr_par' dir='ltr' id='par_1_13' title="bbox 143 2348 2469 2681">
     <span class='ocr_line' id='line_1_35' title="bbox 346 2348 2468 2401; baseline 0 -14"><span class='ocrx_word' id='word_1_331' title='bbox 346 2348 463 2398; x_wconf 87' lang='lat' dir='ltr'>Quod</span> <span class='ocrx_word' id='word_1_332' title='bbox 493 2349 533 2387; x_wconf 90' lang='lat' dir='ltr'>in</span> <span class='ocrx_word' id='word_1_333' title='bbox 561 2361 683 2389; x_wconf 88' lang='lat' dir='ltr'>versu</span> <span class='ocrx_word' id='word_1_334' title='bbox 713 2349 795 2389; x_wconf 84' lang='lat'>589</span> <span class='ocrx_word' id='word_1_335' title='bbox 825 2352 1019 2401; x_wconf 85' lang='lat' dir='ltr'>scriptum</span> <span class='ocrx_word' id='word_1_336' title='bbox 1056 2356 1119 2391; x_wconf 89' lang='lat' dir='ltr'>est</span> <span class='ocrx_word' id='word_1_337' title='bbox 1156 2364 1305 2392; x_wconf 83' lang='lat' dir='ltr'>aurum</span> <span class='ocrx_word' id='word_1_338' title='bbox 1339 2350 1537 2391; x_wconf 86' lang='lat' dir='ltr'>Biicheler</span> <span class='ocrx_word' id='word_1_339' title='bbox 1573 2350 1670 2390; x_wconf 91' lang='lat' dir='ltr'>dicit</span> <span class='ocrx_word' id='word_1_340' title='bbox 1705 2351 1812 2391; x_wconf 91' lang='lat' dir='ltr'>idem</span> <span class='ocrx_word' id='word_1_341' title='bbox 1847 2363 1938 2392; x_wconf 87' lang='lat' dir='ltr'>esse</span> <span class='ocrx_word' id='word_1_342' title='bbox 1973 2363 2022 2391; x_wconf 90' lang='lat' dir='ltr'>ac</span> <span class='ocrx_word' id='word_1_343' title='bbox 2060 2362 2230 2390; x_wconf 82' lang='lat' dir='ltr'>aureum</span> <span class='ocrx_word' id='word_1_344' title='bbox 2266 2349 2468 2399; x_wconf 81' lang='lat' dir='ltr'>capillum,</span> 
     </span>
     <span class='ocr_line' id='line_1_36' title="bbox 143 2403 2467 2458; baseline 0.001 -16"><span class='ocrx_word' id='word_1_345' title='bbox 143 2406 184 2443; x_wconf 87' lang='lat' dir='ltr'>et</span> <span class='ocrx_word' id='word_1_346' title='bbox 215 2415 307 2442; x_wconf 91' lang='lat' dir='ltr'>cum</span> <span class='ocrx_word' id='word_1_347' title='bbox 339 2415 388 2442; x_wconf 92' lang='lat' dir='ltr'>eo</span> <span class='ocrx_word' id='word_1_348' title='bbox 418 2403 515 2443; x_wconf 82' lang='lat' dir='ltr'>facit</span> <span class='ocrx_word' id='word_1_349' title='bbox 536 2404 739 2445; x_wconf 87' lang='lat' dir='ltr'>Weidner.</span> <span class='ocrx_word' id='word_1_350' title='bbox 780 2405 860 2446; x_wconf 88' lang='lat' dir='ltr'>Sed</span> <span class='ocrx_word' id='word_1_351' title='bbox 881 2407 976 2458; x_wconf 89' lang='lat' dir='ltr'>quid</span> <span class='ocrx_word' id='word_1_352' title='bbox 996 2411 1189 2457; x_wconf 89' lang='lat' dir='ltr'>spectans</span> <span class='ocrx_word' id='word_1_353' title='bbox 1209 2412 1377 2447; x_wconf 85' lang='lat' dir='ltr'>aureum</span> <span class='ocrx_word' id='word_1_354' title='bbox 1397 2406 1462 2446; x_wconf 91' lang='lat' dir='ltr'>vel</span> <span class='ocrx_word' id='word_1_355' title='bbox 1482 2406 1631 2446; x_wconf 86' lang='lat' dir='ltr'>ssavum</span> <span class='ocrx_word' id='word_1_356' title='bbox 1652 2407 1839 2457; x_wconf 89' lang='lat' dir='ltr'>capillum</span> <span class='ocrx_word' id='word_1_357' title='bbox 1861 2412 1982 2457; x_wconf 89' lang='lat' dir='ltr'>poeta</span> <span class='ocrx_word' id='word_1_358' title='bbox 2002 2406 2182 2457; x_wconf 87' lang='lat' dir='ltr'>plebeiae</span> <span class='ocrx_word' id='word_1_359' title='bbox 2208 2405 2467 2445; x_wconf 88' lang='lat' dir='ltr'>mulierculae</span> 
     </span>
     <span class='ocr_line' id='line_1_37' title="bbox 144 2458 2469 2514; baseline 0 -16"><span class='ocrx_word' id='word_1_360' title='bbox 144 2458 312 2508; x_wconf 89' lang='lat' dir='ltr'>dederit,</span> <span class='ocrx_word' id='word_1_361' title='bbox 344 2459 452 2499; x_wconf 89' lang='lat' dir='ltr'>haud</span> <span class='ocrx_word' id='word_1_362' title='bbox 482 2459 600 2499; x_wconf 89' lang='lat' dir='ltr'>facile</span> <span class='ocrx_word' id='word_1_363' title='bbox 630 2461 719 2511; x_wconf 90' lang='lat' dir='ltr'>quis</span> <span class='ocrx_word' id='word_1_364' title='bbox 749 2462 903 2501; x_wconf 82' lang='lat' dir='ltr'>dixerit.</span> <span class='ocrx_word' id='word_1_365' title='bbox 963 2461 1115 2502; x_wconf 88' lang='lat' dir='ltr'>Deinde</span> <span class='ocrx_word' id='word_1_366' title='bbox 1145 2464 1212 2514; x_wconf 93' lang='lat' dir='ltr'>qui</span> <span class='ocrx_word' id='word_1_367' title='bbox 1242 2463 1431 2513; x_wconf 87' lang='lat' dir='ltr'>legebant</span> <span class='ocrx_word' id='word_1_368' title='bbox 1460 2474 1605 2502; x_wconf 90' lang='lat' dir='ltr'>vereor</span> <span class='ocrx_word' id='word_1_369' title='bbox 1634 2474 1686 2504; x_wconf 88' lang='lat' dir='ltr'>ne</span> <span class='ocrx_word' id='word_1_370' title='bbox 1715 2475 1797 2503; x_wconf 90' lang='lat' dir='ltr'>non</span> <span class='ocrx_word' id='word_1_371' title='bbox 1833 2463 1950 2503; x_wconf 83' lang='lat' dir='ltr'>facile</span> <span class='ocrx_word' id='word_1_372' title='bbox 1987 2476 2136 2503; x_wconf 66' lang='lat' dir='ltr'>auium</span> <span class='ocrx_word' id='word_1_373' title='bbox 2171 2473 2261 2502; x_wconf 90' lang='lat' dir='ltr'>esse</span> <span class='ocrx_word' id='word_1_374' title='bbox 2299 2474 2469 2500; x_wconf 83' lang='lat' dir='ltr'>aureum</span> 
     </span>
     <span class='ocr_line' id='line_1_38' title="bbox 144 2513 2463 2571; baseline 0.002 -18"><span class='ocrx_word' id='word_1_375' title='bbox 144 2513 338 2565; x_wconf 77' lang='lat' dir='ltr'>capillum</span> <span class='ocrx_word' id='word_1_376' title='bbox 366 2515 648 2566; x_wconf 82' lang='lat' dir='ltr'>intellexerint,</span> <span class='ocrx_word' id='word_1_377' title='bbox 681 2517 759 2556; x_wconf 91' lang='lat' dir='ltr'>nisi</span> <span class='ocrx_word' id='word_1_378' title='bbox 788 2516 891 2558; x_wconf 87' lang='lat' dir='ltr'>forte</span> <span class='ocrx_word' id='word_1_379' title='bbox 921 2518 1007 2569; x_wconf 90' lang='lat' dir='ltr'>ipse</span> <span class='ocrx_word' id='word_1_380' title='bbox 1037 2523 1159 2569; x_wconf 88' lang='lat' dir='ltr'>poeta</span> <span class='ocrx_word' id='word_1_381' title='bbox 1188 2519 1282 2571; x_wconf 88' lang='lat' dir='ltr'>quid</span> <span class='ocrx_word' id='word_1_382' title='bbox 1313 2519 1434 2559; x_wconf 89' lang='lat' dir='ltr'>vellet</span> <span class='ocrx_word' id='word_1_383' title='bbox 1454 2518 1718 2559; x_wconf 86' lang='lat' dir='ltr'>adnotatione</span> <span class='ocrx_word' id='word_1_384' title='bbox 1738 2523 2054 2571; x_wconf 82' lang='lat' dir='ltr'>exprompserat.</span> <span class='ocrx_word' id='word_1_385' title='bbox 2094 2517 2195 2558; x_wconf 92' lang='lat' dir='ltr'>Tum</span> <span class='ocrx_word' id='word_1_386' title='bbox 2216 2528 2312 2557; x_wconf 91' lang='lat' dir='ltr'>vero</span> <span class='ocrx_word' id='word_1_387' title='bbox 2334 2528 2463 2568; x_wconf 90' lang='lat' dir='ltr'>neque</span> 
     </span>
     <span class='ocr_line' id='line_1_39' title="bbox 144 2571 2461 2645; baseline 0.001 -35"><span class='ocrx_word' id='word_1_388' title='bbox 144 2571 252 2622; x_wconf 89' lang='lat' dir='ltr'>apud</span> <span class='ocrx_word' id='word_1_389' title='bbox 281 2571 547 2612; x_wconf 85' lang='lat' dir='ltr'>Biichelerum</span> <span class='ocrx_word' id='word_1_390' title='bbox 578 2584 709 2636; x_wconf 82' lang='lat' dir='ltr'>neque</span> <span class='ocrx_word' id='word_1_391' title='bbox 737 2573 843 2624; x_wconf 92' lang='lat' dir='ltr'>apud</span> <span class='ocrx_word' id='word_1_392' title='bbox 866 2574 1127 2614; x_wconf 80' lang='lat' dir='ltr'>Weidnerum</span> <span class='ocrx_word' id='word_1_393' title='bbox 1157 2576 1343 2626; x_wconf 86' lang='lat' dir='ltr'>exempla</span> <span class='ocrx_word' id='word_1_394' title='bbox 1371 2576 1640 2624; x_wconf 89' lang='lat' dir='ltr'>inveniuntur,</span> <span class='ocrx_word' id='word_1_395' title='bbox 1663 2576 1808 2626; x_wconf 90' lang='lat' dir='ltr'>quibus</span> <span class='ocrx_word' id='word_1_396' title='bbox 1830 2577 1907 2615; x_wconf 85' lang='lat' dir='ltr'>iste</span> <span class='ocrx_word' id='word_1_397' title='bbox 1927 2575 2113 2616; x_wconf 90' lang='lat' dir='ltr'>vocabuli</span> <span class='ocrx_word' id='word_1_398' title='bbox 2134 2587 2231 2614; x_wconf 89' lang='lat' dir='ltr'>usus</span> <span class='ocrx_word' id='word_1_399' title='bbox 2260 2573 2461 2645; x_wconf 89' lang='lat' dir='ltr'>probetur.</span> 
     </span>
     <span class='ocr_line' id='line_1_40' title="bbox 144 2625 2330 2681; baseline 0.002 -14"><span class='ocrx_word' id='word_1_400' title='bbox 144 2625 341 2678; x_wconf 84' lang='lat' dir='ltr'>Speciosa</span> <span class='ocrx_word' id='word_1_401' title='bbox 369 2627 490 2678; x_wconf 87' lang='lat' dir='ltr'>igitur</span> <span class='ocrx_word' id='word_1_402' title='bbox 518 2629 647 2679; x_wconf 89' lang='lat' dir='ltr'>magis</span> <span class='ocrx_word' id='word_1_403' title='bbox 677 2640 798 2680; x_wconf 87' lang='lat' dir='ltr'>quam</span> <span class='ocrx_word' id='word_1_404' title='bbox 828 2640 926 2669; x_wconf 90' lang='lat' dir='ltr'>vera</span> <span class='ocrx_word' id='word_1_405' title='bbox 955 2630 1114 2670; x_wconf 89' lang='lat' dir='ltr'>videtur</span> <span class='ocrx_word' id='word_1_406' title='bbox 1142 2630 1245 2670; x_wconf 88' lang='lat' dir='ltr'>haec</span> <span class='ocrx_word' id='word_1_407' title='bbox 1275 2631 1566 2681; x_wconf 85' lang='lat' dir='ltr'>interpretatio.</span> <span class='ocrx_word' id='word_1_408' title='bbox 2328 2656 2330 2658; x_wconf 87' lang='lat'>·</span> 
     </span>
    </p>

    <p class='ocr_par' dir='ltr' id='par_1_14' title="bbox 143 2683 2473 3187">
     <span class='ocr_line' id='line_1_41' title="bbox 345 2683 2469 2748; baseline 0 -25"><span class='ocrx_word' id='word_1_409' title='bbox 345 2683 475 2735; x_wconf 88' lang='lat' dir='ltr'>Vulgo</span> <span class='ocrx_word' id='word_1_410' title='bbox 506 2696 655 2724; x_wconf 82' lang='lat' dir='ltr'>aurum</span> <span class='ocrx_word' id='word_1_411' title='bbox 685 2686 926 2748; x_wconf 79' lang='lat' dir='ltr'>interpretes</span> <span class='ocrx_word' id='word_1_412' title='bbox 956 2685 1147 2726; x_wconf 87' lang='lat' dir='ltr'>dicebant</span> <span class='ocrx_word' id='word_1_413' title='bbox 1176 2698 1267 2726; x_wconf 91' lang='lat' dir='ltr'>esse</span> <span class='ocrx_word' id='word_1_414' title='bbox 1297 2685 1447 2726; x_wconf 83' lang='lat' dir='ltr'>monile</span> <span class='ocrx_word' id='word_1_415' title='bbox 1490 2698 1662 2726; x_wconf 83' lang='lat' dir='ltr'>aureum</span> <span class='ocrx_word' id='word_1_416' title='bbox 1699 2688 1784 2726; x_wconf 90' lang='lat' dir='ltr'>sive</span> <span class='ocrx_word' id='word_1_417' title='bbox 1823 2690 2006 2737; x_wconf 77' lang='lat' dir='ltr'>torquem</span> <span class='ocrx_word' id='word_1_418' title='bbox 2042 2698 2226 2734; x_wconf 86' lang='lat' dir='ltr'>aureum,</span> <span class='ocrx_word' id='word_1_419' title='bbox 2261 2694 2381 2736; x_wconf 86' lang='lat' dir='ltr'>quam</span> <span class='ocrx_word' id='word_1_420' title='bbox 2417 2685 2469 2725; x_wconf 90' lang='lat' dir='ltr'>ad</span> 
     </span>
     <span class='ocr_line' id='line_1_42' title="bbox 145 2740 2468 2793; baseline 0 -13"><span class='ocrx_word' id='word_1_421' title='bbox 145 2740 519 2792; x_wconf 89' lang='lat' dir='ltr'>interpretationem</span> <span class='ocrx_word' id='word_1_422' title='bbox 555 2741 622 2793; x_wconf 89' lang='lat' dir='ltr'>qui</span> <span class='ocrx_word' id='word_1_423' title='bbox 657 2741 796 2792; x_wconf 88' lang='lat' dir='ltr'>legunt</span> <span class='ocrx_word' id='word_1_424' title='bbox 824 2742 911 2781; x_wconf 89' lang='lat' dir='ltr'>sine</span> <span class='ocrx_word' id='word_1_425' title='bbox 947 2741 1068 2782; x_wconf 90' lang='lat' dir='ltr'>dubio</span> <span class='ocrx_word' id='word_1_426' title='bbox 1104 2741 1292 2783; x_wconf 79' lang='lat' dir='ltr'>facillime</span> <span class='ocrx_word' id='word_1_427' title='bbox 1327 2742 1529 2782; x_wconf 90' lang='lat' dir='ltr'>labuntur.</span> <span class='ocrx_word' id='word_1_428' title='bbox 1594 2743 1651 2782; x_wconf 87' lang='lat' dir='ltr'>At</span> <span class='ocrx_word' id='word_1_429' title='bbox 1685 2741 1858 2793; x_wconf 75' lang='lat' dir='ltr'>offendit</span> <span class='ocrx_word' id='word_1_430' title='bbox 1891 2742 2049 2792; x_wconf 73' lang='lat' dir='ltr'>multos,</span> <span class='ocrx_word' id='word_1_431' title='bbox 2085 2746 2129 2782; x_wconf 94' lang='lat' dir='ltr'>ut</span> <span class='ocrx_word' id='word_1_432' title='bbox 2158 2743 2216 2781; x_wconf 85' lang='lat' dir='ltr'>ait</span> <span class='ocrx_word' id='word_1_433' title='bbox 2244 2741 2468 2792; x_wconf 78' lang='lat' dir='ltr'>Madvigius</span> 
     </span>
     <span class='ocr_line' id='line_1_43' title="bbox 144 2796 2469 2849; baseline 0 -14"><span class='ocrx_word' id='word_1_434' title='bbox 144 2808 207 2846; x_wconf 89' lang='lat' dir='ltr'>op.</span> <span class='ocrx_word' id='word_1_435' title='bbox 243 2796 285 2835; x_wconf 83' lang='grc' dir='ltr'>ΙΙ.</span> <span class='ocrx_word' id='word_1_436' title='bbox 326 2796 418 2847; x_wconf 88' lang='lat'>197,</span> <span class='ocrx_word' id='word_1_437' title='bbox 454 2797 500 2837; x_wconf 87' lang='lat' dir='ltr'>in</span> <span class='ocrx_word' id='word_1_438' title='bbox 535 2797 707 2838; x_wconf 83' lang='lat' dir='ltr'>muliere</span> <span class='ocrx_word' id='word_1_439' title='bbox 739 2797 789 2837; x_wconf 85' lang='lat' dir='ltr'>de</span> <span class='ocrx_word' id='word_1_440' title='bbox 823 2797 954 2848; x_wconf 74' lang='lat' dir='ltr'>vulqo,</span> <span class='ocrx_word' id='word_1_441' title='bbox 990 2810 1096 2848; x_wconf 81' lang='lat' dir='ltr'>quae</span> <span class='ocrx_word' id='word_1_442' title='bbox 1130 2810 1156 2837; x_wconf 91' lang='lat' dir='ltr'>a</span> <span class='ocrx_word' id='word_1_443' title='bbox 1184 2801 1310 2849; x_wconf 89' lang='lat' dir='ltr'>poeta</span> <span class='ocrx_word' id='word_1_444' title='bbox 1345 2798 1540 2838; x_wconf 83' lang='lat' dir='ltr'>divitibus</span> <span class='ocrx_word' id='word_1_445' title='bbox 1575 2798 1788 2838; x_wconf 82' lang='lat' dir='ltr'>contraria</span> <span class='ocrx_word' id='word_1_446' title='bbox 1816 2798 2001 2848; x_wconf 83' lang='lat' dir='ltr'>ponitur,</span> <span class='ocrx_word' id='word_1_447' title='bbox 2037 2797 2150 2848; x_wconf 73' lang='lat' dir='ltr'>lonyi</span> <span class='ocrx_word' id='word_1_448' title='bbox 2186 2797 2283 2837; x_wconf 85' lang='lat' dir='ltr'>auri</span> <span class='ocrx_word' id='word_1_449' title='bbox 2315 2797 2469 2838; x_wconf 74' lang='lat' dir='ltr'>mentio</span> 
     </span>
     <span class='ocr_line' id='line_1_44' title="bbox 146 2851 2470 2906; baseline 0.001 -14"><span class='ocrx_word' id='word_1_450' title='bbox 146 2851 410 2894; x_wconf 81' lang='lat' dir='ltr'>alienissima.</span> <span class='ocrx_word' id='word_1_451' title='bbox 468 2853 607 2906; x_wconf 90' lang='lat' dir='ltr'>Itaque</span> <span class='ocrx_word' id='word_1_452' title='bbox 636 2853 859 2896; x_wconf 83' lang='lat' dir='ltr'>Salmasius</span> <span class='ocrx_word' id='word_1_453' title='bbox 895 2859 936 2895; x_wconf 88' lang='lat' dir='ltr'>et</span> <span class='ocrx_word' id='word_1_454' title='bbox 966 2854 1176 2895; x_wconf 87' lang='lat' dir='ltr'>luvencius</span> <span class='ocrx_word' id='word_1_455' title='bbox 1205 2853 1329 2895; x_wconf 84' lang='lat' dir='ltr'>nudis</span> <span class='ocrx_word' id='word_1_456' title='bbox 1365 2858 1624 2895; x_wconf 88' lang='lat' dir='ltr'>mutaverunt</span> <span class='ocrx_word' id='word_1_457' title='bbox 1658 2855 1700 2894; x_wconf 90' lang='lat' dir='ltr'>in</span> <span class='ocrx_word' id='word_1_458' title='bbox 1735 2853 1873 2904; x_wconf 53' lang='lat' dir='ltr'>nullia</span> <span class='ocrx_word' id='word_1_459' title='bbox 1908 2853 2123 2906; x_wconf 85' lang='lat' dir='ltr'>Rupertius</span> <span class='ocrx_word' id='word_1_460' title='bbox 2159 2853 2293 2904; x_wconf 84' lang='lat' dir='ltr'>legere</span> <span class='ocrx_word' id='word_1_461' title='bbox 2327 2853 2470 2895; x_wconf 88' lang='lat' dir='ltr'>maluit</span> 
     </span>
     <span class='ocr_line' id='line_1_45' title="bbox 144 2907 2470 2962; baseline 0.001 -15"><span class='ocrx_word' id='word_1_462' title='bbox 144 2907 306 2948; x_wconf 83' lang='lat' dir='ltr'>nullum</span> <span class='ocrx_word' id='word_1_463' title='bbox 335 2908 486 2961; x_wconf 76' lang='lat' dir='ltr'>lonqis:</span> <span class='ocrx_word' id='word_1_464' title='bbox 515 2910 659 2962; x_wconf 89' lang='lat' dir='ltr'>quibus</span> <span class='ocrx_word' id='word_1_465' title='bbox 689 2911 809 2951; x_wconf 90' lang='lat' dir='ltr'>docte</span> <span class='ocrx_word' id='word_1_466' title='bbox 839 2915 880 2950; x_wconf 89' lang='lat' dir='ltr'>et</span> <span class='ocrx_word' id='word_1_467' title='bbox 908 2910 1108 2950; x_wconf 88' lang='lat' dir='ltr'>subtiliter</span> <span class='ocrx_word' id='word_1_468' title='bbox 1136 2911 1159 2950; x_wconf 91' lang='lat' dir='ltr'>l.</span> <span class='ocrx_word' id='word_1_469' title='bbox 1191 2911 1212 2950; x_wconf 91' lang='lat' dir='ltr'>l.</span> <span class='ocrx_word' id='word_1_470' title='bbox 1243 2911 1482 2950; x_wconf 88' lang='lat' dir='ltr'>adversatus</span> <span class='ocrx_word' id='word_1_471' title='bbox 1512 2914 1574 2950; x_wconf 90' lang='lat' dir='ltr'>est</span> <span class='ocrx_word' id='word_1_472' title='bbox 1603 2909 1837 2961; x_wconf 86' lang='lat' dir='ltr'>Madvigius.</span> <span class='ocrx_word' id='word_1_473' title='bbox 1894 2910 1982 2961; x_wconf 89' lang='lat' dir='ltr'>lpse</span> <span class='ocrx_word' id='word_1_474' title='bbox 2019 2914 2155 2950; x_wconf 87' lang='lat' dir='ltr'>autem</span> <span class='ocrx_word' id='word_1_475' title='bbox 2191 2907 2470 2960; x_wconf 83' lang='lat' dir='ltr'>comprobatis</span> 
     </span>
     <span class='ocr_line' id='line_1_46' title="bbox 144 2964 2469 3017; baseline 0 -13"><span class='ocrx_word' id='word_1_476' title='bbox 144 2965 216 3013; x_wconf 89' lang='lat' dir='ltr'>eis,</span> <span class='ocrx_word' id='word_1_477' title='bbox 247 2964 392 3016; x_wconf 90' lang='lat' dir='ltr'>quibus</span> <span class='ocrx_word' id='word_1_478' title='bbox 422 2966 478 3007; x_wconf 92' lang='lat' dir='ltr'>illi</span> <span class='ocrx_word' id='word_1_479' title='bbox 508 2970 702 3008; x_wconf 90' lang='lat' dir='ltr'>commoti</span> <span class='ocrx_word' id='word_1_480' title='bbox 731 2971 1000 3016; x_wconf 86' lang='lat' dir='ltr'>mutaverant,</span> <span class='ocrx_word' id='word_1_481' title='bbox 1028 2967 1178 3007; x_wconf 90' lang='lat' dir='ltr'>causis:</span> <span class='ocrx_word' id='word_1_482' title='bbox 1209 2979 1316 3016; x_wconf 84' lang='lat' dir='ltr'>„non</span> <span class='ocrx_word' id='word_1_483' title='bbox 1345 2966 1390 3006; x_wconf 86' lang='lat' dir='ltr'>in</span> <span class='ocrx_word' id='word_1_484' title='bbox 1418 2965 1483 3005; x_wconf 80' lang='lat' dir='ltr'>his</span> <span class='ocrx_word' id='word_1_485' title='bbox 1511 2964 1655 3015; x_wconf 72' lang='lat' dir='ltr'>verbis,</span> <span class='ocrx_word' id='word_1_486' title='bbox 1684 2966 1824 3017; x_wconf 91' lang='lat' dir='ltr'>inquit,</span> <span class='ocrx_word' id='word_1_487' title='bbox 1855 2965 2046 3006; x_wconf 86' lang='lat' dir='ltr'>mendum</span> <span class='ocrx_word' id='word_1_488' title='bbox 2075 2965 2187 3014; x_wconf 82' lang='lat' dir='ltr'>latet,</span> <span class='ocrx_word' id='word_1_489' title='bbox 2216 2964 2286 3005; x_wconf 78' lang='lat' dir='ltr'>sed</span> <span class='ocrx_word' id='word_1_490' title='bbox 2314 2965 2361 3006; x_wconf 83' lang='lat' dir='ltr'>in</span> <span class='ocrx_word' id='word_1_491' title='bbox 2379 2965 2469 3016; x_wconf 82' lang='lat' dir='ltr'>ipso</span> 
     </span>
     <span class='ocr_line' id='line_1_47' title="bbox 145 2996 2473 3074; baseline 0.001 -16"><span class='ocrx_word' id='word_1_492' title='bbox 145 3019 242 3059; x_wconf 83' lang='lat' dir='ltr'>auri</span> <span class='ocrx_word' id='word_1_493' title='bbox 266 3020 440 3071; x_wconf 86' lang='lat' dir='ltr'>nomine,</span> <span class='ocrx_word' id='word_1_494' title='bbox 471 3022 578 3073; x_wconf 77' lang='lat' dir='ltr'>quod</span> <span class='ocrx_word' id='word_1_495' title='bbox 600 3035 680 3073; x_wconf 87' lang='lat' dir='ltr'>pro</span> <span class='ocrx_word' id='word_1_496' title='bbox 711 3022 880 3074; x_wconf 79' lang='lat' dir='ltr'>aptiore,</span> <span class='ocrx_word' id='word_1_497' title='bbox 909 3022 979 3062; x_wconf 82' lang='lat' dir='ltr'>sed</span> <span class='ocrx_word' id='word_1_498' title='bbox 1007 3021 1143 3062; x_wconf 82' lang='lat' dir='ltr'>minus</span> <span class='ocrx_word' id='word_1_499' title='bbox 1171 3025 1266 3063; x_wconf 88' lang='lat' dir='ltr'>noto</span> <span class='ocrx_word' id='word_1_500' title='bbox 1296 3020 1489 3062; x_wconf 82' lang='lat' dir='ltr'>vocabulo</span> <span class='ocrx_word' id='word_1_501' title='bbox 1519 3020 1677 3061; x_wconf 82' lang='lat' dir='ltr'>duabus</span> <span class='ocrx_word' id='word_1_502' title='bbox 1712 3020 1844 3061; x_wconf 81' lang='lat' dir='ltr'>literis</span> <span class='ocrx_word' id='word_1_503' title='bbox 1880 3021 2051 3061; x_wconf 83' lang='lat' dir='ltr'>mutatis</span> <span class='ocrx_word' id='word_1_504' title='bbox 2087 2996 2352 3061; x_wconf 42' lang='lat' dir='ltr'>subit-iturum</span> <span class='ocrx_word' id='word_1_505' title='bbox 2388 3033 2473 3061; x_wconf 71' lang='lat' dir='ltr'>esse</span> 
     </span>
     <span class='ocr_line' id='line_1_48' title="bbox 143 3076 2469 3129; baseline 0.002 -15"><span class='ocrx_word' id='word_1_506' title='bbox 143 3077 296 3115; x_wconf 80' lang='lat' dir='ltr'>certum</span> <span class='ocrx_word' id='word_1_507' title='bbox 326 3076 427 3117; x_wconf 74' lang='lat' dir='ltr'>mihi</span> <span class='ocrx_word' id='word_1_508' title='bbox 454 3077 626 3118; x_wconf 82' lang='lat' dir='ltr'>videtur.</span> <span class='ocrx_word' id='word_1_509' title='bbox 685 3078 862 3129; x_wconf 80' lang='lat' dir='ltr'>Scripsit</span> <span class='ocrx_word' id='word_1_510' title='bbox 891 3078 998 3118; x_wconf 86' lang='lat' dir='ltr'>enim</span> <span class='ocrx_word' id='word_1_511' title='bbox 1026 3078 1115 3118; x_wconf 79' lang='lat' dir='ltr'>sine</span> <span class='ocrx_word' id='word_1_512' title='bbox 1143 3078 1264 3118; x_wconf 84' lang='lat' dir='ltr'>dubio</span> <span class='ocrx_word' id='word_1_513' title='bbox 1294 3077 1526 3118; x_wconf 82' lang='lat' dir='ltr'>Iuvenalis:</span> <span class='ocrx_word' id='word_1_514' title='bbox 1554 3089 1684 3127; x_wconf 81' lang='lat' dir='ltr'>„quac</span> <span class='ocrx_word' id='word_1_515' title='bbox 1712 3077 1836 3117; x_wconf 81' lang='lat' dir='ltr'>nudis</span> <span class='ocrx_word' id='word_1_516' title='bbox 1864 3077 2028 3128; x_wconf 72' lang='lat' dir='ltr'>lonyum</span> <span class='ocrx_word' id='word_1_517' title='bbox 2049 3076 2227 3117; x_wconf 77' lang='lat' dir='ltr'>ostendit</span> <span class='ocrx_word' id='word_1_518' title='bbox 2246 3076 2469 3118; x_wconf 74' lang='lat' dir='ltr'>cervicibus</span> 
     </span>
     <span class='ocr_line' id='line_1_49' title="bbox 144 3131 2464 3187; baseline 0 -16"><span class='ocrx_word' id='word_1_519' title='bbox 144 3134 337 3172; x_wconf 83' lang='lat' dir='ltr'>armum“.</span> <span class='ocrx_word' id='word_1_520' title='bbox 395 3132 623 3175; x_wconf 82' lang='lat' dir='ltr'>Robustam</span> <span class='ocrx_word' id='word_1_521' title='bbox 651 3134 701 3175; x_wconf 86' lang='lat' dir='ltr'>de</span> <span class='ocrx_word' id='word_1_522' title='bbox 723 3133 839 3187; x_wconf 85' lang='lat' dir='ltr'>plebe</span> <span class='ocrx_word' id='word_1_523' title='bbox 867 3134 1077 3175; x_wconf 82' lang='lat' dir='ltr'>mulierem</span> <span class='ocrx_word' id='word_1_524' title='bbox 1106 3133 1295 3175; x_wconf 78' lang='lat' dir='ltr'>describit</span> <span class='ocrx_word' id='word_1_525' title='bbox 1324 3136 1363 3175; x_wconf 91' lang='lat' dir='ltr'>et</span> <span class='ocrx_word' id='word_1_526' title='bbox 1389 3133 1639 3183; x_wconf 78' lang='lat' dir='ltr'>inornatam,</span> <span class='ocrx_word' id='word_1_527' title='bbox 1670 3132 1795 3174; x_wconf 80' lang='lat' dir='ltr'>nudis</span> <span class='ocrx_word' id='word_1_528' title='bbox 1824 3132 2044 3174; x_wconf 78' lang='lat' dir='ltr'>cervicibus</span> <span class='ocrx_word' id='word_1_529' title='bbox 2057 3132 2230 3185; x_wconf 65' lang='lat' dir='ltr'>lorcyum</span> <span class='ocrx_word' id='word_1_530' title='bbox 2249 3131 2464 3174; x_wconf 80' lang='lat' dir='ltr'>humerum</span> 
     </span>
    </p>
   </div>
   <div class='ocr_carea' id='block_1_10' title="bbox 2258 3209 2299 3244">
    <p class='ocr_par' dir='ltr' id='par_1_15' title="bbox 2258 3209 2299 3244">
     <span class='ocr_line' id='line_1_50' title="bbox 2258 3209 2299 3244; baseline 0 0"><span class='ocrx_word' id='word_1_531' title='bbox 2258 3209 2299 3244; x_wconf 81' lang='lat'>2⁸</span> 
     </span>
    </p>
   </div>
  </div>
 </body>
</html>
