2640 3438
1313 266 1340 306 4

354 397 413 437 At
444 411 536 439 cum
569 398 693 450 lonqa
722 398 809 438 dies
839 400 875 448 (i
906 410 939 438 e.
969 399 1121 446 aestas)
1151 397 1338 437 sitientes
1366 397 1535 447 adserat
1564 398 1711 436 aestus.

352 453 456 493 Nam
497 454 606 494 hanc
644 454 861 494 lectionem
896 453 1081 493 sitientes
1110 454 1207 503 quin
1227 452 1459 503 probemus,
1490 453 1625 494 facere
1645 464 1728 492 non
1749 463 1978 502 possumuS,
2009 464 2255 516 quamquam
2275 455 2344 506 qui
2363 466 2492 507 nuper

150 507 300 548 Poetas
322 508 490 549 Latinos
520 509 697 549 Minores
732 509 858 549 edidit
883 508 1077 548 Aemilius
1097 507 1306 549 Baehrens
1336 508 1516 549 scribere
1545 507 1687 548 maluit
1714 506 1957 547 sitientibus,
1997 506 2146 558 Optimi
2175 508 2283 548 enim
2313 510 2490 560 codices,

152 575 258 614 quos
288 564 539 615 significavit
569 564 776 606 Baehrens
812 565 915 616 siglo
946 563 992 614 G,
1032 568 1074 603 et
1103 564 1305 604 minorum
1335 564 1523 604 codicum
1564 575 1658 615 pars
1695 561 1891 614 praebent
1925 561 2121 612 sitientes,
2158 561 2392 605 sitientibus
2427 571 2491 607 est

150 621 191 659 in
235 624 353 670 parte
390 621 581 662 codicum
617 621 830 661 minorum.
887 619 1072 668 Accedit,
1113 620 1222 671 quod
1263 624 1430 671 recepta
1471 620 1646 660 lectione
1684 617 1916 659 sitientibus
1955 618 2059 659 mira
2096 618 2234 660 evadit
2272 622 2491 663 sententia.

150 677 267 727 quasi
308 689 407 717 vero
450 682 588 718 aestas
629 689 712 717 non
751 675 910 718 adferat
949 680 1088 717 aestus
1128 676 1205 715 nisi
1244 675 1474 716 sitientibus
1503 676 1569 716 vel
1605 687 1686 716 una
1715 680 1852 716 aestas
1880 674 2110 716 sitientibus
2153 679 2294 716 aestus
2322 676 2490 718 adferat.

150 731 268 772 Haud
313 732 433 773 dubie
472 734 594 784 igitur
627 731 888 773 scribendum
928 737 992 772 est
1031 730 1216 771 sitientes
1256 734 1394 772 aestus
1432 732 1455 771 i.
1487 742 1520 771 e.
1559 735 1698 772 aestus
1737 731 1846 771 sitim
1882 730 2090 771 facientes,
2148 727 2224 782 Qui
2254 731 2370 772 locus
2398 744 2492 773 cum

151 788 379 829 simillimus
396 790 446 829 sit
465 789 712 829 luvenaliani
728 800 903 840 cumque
919 792 1092 839 utroque
1114 787 1205 828 loco
1222 789 1468 838 optimorum
1486 788 1673 828 codicum
1691 799 1918 828 consensus
1932 786 2122 839 postulet,
2153 791 2198 828 ut
2218 786 2363 829 sitiens
2385 788 2491 830 idem

155 844 209 883 sit
238 856 288 883 ac
308 843 421 884 sitim
453 844 624 895 faciens,
652 844 756 884 alter
784 844 959 884 alterum
979 843 1159 884 defendit
1182 856 1208 883 a
1238 848 1518 883 correctorum
1547 844 1733 892 audacia,
1764 848 1809 883 ut
1837 844 1991 893 optimo
2022 844 2107 883 iure
2137 842 2255 883 nobis
2284 844 2493 885 videamur

152 899 354 942 scribere:
779 901 959 941 occurrit
989 904 1177 940 matrona
1207 904 1366 951 potens,
1397 911 1503 951 quae
1533 899 1654 940 molle
1684 897 1882 940 Calenum

778 960 1018 1008 porrectura
1047 956 1133 995 viro
1164 957 1311 995 miscet
1340 956 1503 996 sitiente
1533 955 1688 995 rubeta.

1099 1082 1140 1134 Ι.
1181 1080 1537 1135 142-146.

355 1173 518 1214 Satirae
550 1175 563 1214 l
595 1188 738 1215 versus
774 1172 991 1214 142—146
1022 1173 1176 1214 codicis
1207 1172 1420 1214 Pithoeani
1449 1172 1736 1214 auctoritatem
1767 1175 1932 1213 secutus
1961 1171 2184 1215 Buecheler
2214 1184 2307 1213 cum
2341 1174 2489 1215 ceteris

152 1229 209 1269 ita
240 1230 416 1281 scriptos
447 1230 591 1271 edidit:

826 1298 958 1336 poena
989 1290 1125 1325 tamen
1155 1297 1363 1335 praesens,
1393 1297 1486 1324 cum
1518 1289 1561 1324 tu
1591 1284 1760 1334 deponis
1790 1285 1965 1323 amictus

825 1340 1008 1392 turgidus
1039 1345 1080 1382 et
1110 1340 1280 1381 crudum
1312 1352 1512 1392 pavonem
1544 1340 1583 1379 in
1613 1338 1761 1380 balnea
1790 1342 1941 1390 portas.

823 1398 917 1437 hinc
948 1396 1107 1437 subitae
1137 1400 1291 1436 mortes
1321 1401 1449 1448 atque
1479 1397 1675 1436 intestata
1703 1399 1895 1435 senectus

825 1458 866 1493 et
896 1465 1002 1493 nova
1032 1464 1108 1492 nec
1139 1453 1266 1492 tristis
1297 1465 1368 1504 per
1398 1456 1569 1493 cunctas
1599 1450 1738 1492 fabula
1767 1463 1910 1492 cenas:
2399 1452 2488 1493 145.

825 1509 986 1549 ducitur
1016 1509 1129 1548 iratis
1159 1508 1433 1559 plaudendum
1462 1507 1582 1548 funus
1613 1508 1766 1547 amicis.
1997 1508 2003 1514 '

350 1565 392 1604 ln
438 1565 499 1604 his
547 1564 684 1615 verba,
732 1577 837 1617 quae
882 1569 977 1604 sunt
1020 1564 1220 1604 intestata
1264 1567 1459 1613 senectus,
1503 1564 1597 1604 ferri
1635 1576 1716 1603 non
1754 1575 1874 1614 posse
1906 1565 2167 1603 consentiunt
2194 1563 2417 1614 Madvigius
2447 1569 2488 1604 et

149 1619 353 1661 Weidner.
412 1621 461 1660 Et
490 1622 592 1662 mire
622 1621 772 1661 dicitur
802 1622 952 1670 ,‚hinc“
993 1621 1016 1660 i.
1048 1633 1081 1660 e.
1112 1633 1134 1660 e
1165 1621 1324 1660 luxuria
1354 1625 1395 1660 et
1426 1620 1594 1660 mollitie
1624 1620 1859 1658 intestatum
1892 1631 1982 1659 esse
2014 1624 2280 1660 senectutem.
2354 1620 2487 1670 Quid‘?

148 1689 243 1716 num
284 1677 451 1728 impedit
488 1677 648 1718 luxuria
687 1682 728 1717 et
769 1677 972 1725 mollities,
1015 1677 1231 1728 quominus
1272 1680 1561 1717 testamentum
1600 1679 1797 1726 patronus
1829 1675 1984 1715 faciat?
2024 1680 2064 1715 et
2093 1676 2127 1715 si
2157 1676 2247 1727 quis
2278 1688 2405 1728 usque
2435 1676 2486 1716 ad

146 1736 402 1773 senectutem
433 1737 609 1773 testatus
640 1745 723 1773 non
752 1737 827 1781 est,
860 1733 955 1784 quid
986 1732 1164 1783 impedit,
1204 1744 1254 1772 ne
1293 1744 1418 1772 senex
1460 1731 1584 1772 faciat
1622 1731 1730 1783 quod
1760 1732 1918 1771 iuvenis
1949 1731 2160 1782 neglexit?
2227 1732 2313 1772 Nec
2355 1733 2488 1771 minus

146 1789 246 1829 mire
278 1787 426 1828 dicitur
455 1788 661 1828 hominem
693 1789 943 1828 luxuriosum
975 1792 1016 1827 et
1047 1788 1207 1828 mollem
1239 1789 1451 1838 pervenire
1481 1789 1533 1827 ad
1563 1791 1838 1827 senectutem:
1869 1788 1955 1837 ipse
1983 1792 2118 1837 poeta,
2142 1800 2233 1827 cum
2263 1788 2375 1827 addit
2395 1792 2487 1838 post

149 1843 273 1884 verba
311 1843 473 1884 subitae
502 1847 653 1885 mortes
682 1856 745 1894 ea,
777 1856 882 1896 quae
912 1848 1007 1884 sunt
1037 1843 1235 1884 intestata
1264 1846 1459 1893 senectus,
1489 1843 1688 1883 imminuit
1721 1854 1878 1895 poenae
1907 1842 2186 1893 acerbitatem,
2219 1855 2299 1895 qua
2329 1855 2483 1893 eorum,

148 1900 216 1950 qui
247 1900 397 1950 legunt,
428 1901 588 1940 animos
619 1900 704 1940 vult
734 1901 994 1940 commoveri.

347 1954 571 2006 Madvigius
602 1956 779 1996 coniecit
808 1954 1011 2005 infestata
1039 1957 1233 1995 senectus.
1290 1955 1360 1995 His
1392 1954 1538 2004 verbis,
1570 1955 1605 1994 si
1634 1953 1865 1994 referuntur
1895 1954 1948 1994 ad
1977 1954 2164 2002 eundem,
2201 1955 2251 1995 de
2281 1967 2362 2007 quo
2392 1960 2485 1996 sunt

146 2009 271 2051 verba
300 2009 459 2051 subitae
487 2013 649 2062 mortes,
681 2012 703 2051 i.
734 2023 768 2051 e.
798 2011 850 2051 ad
880 2016 1109 2063 patronum,
1142 2023 1234 2050 cum
1266 2012 1372 2051 idem
1404 2011 1485 2050 sint
1514 2023 1564 2050 ac
1594 2012 1779 2049 senectus
1808 2009 1952 2049 debilis
1982 2012 2105 2061 atque
2124 2010 2303 2062 fraqilis
2343 2015 2384 2051 et
2413 2023 2484 2051 ex-

145 2067 297 2118 cipiant
335 2067 471 2116 verba,
512 2079 616 2118 quae
656 2072 751 2107 sunt
780 2067 940 2107 subitae
969 2069 1129 2116 mortes,
1170 2067 1297 2108 multo
1328 2068 1451 2107 etiam
1491 2067 1620 2118 magis
1658 2077 1780 2117 quam
1820 2066 1995 2106 lectione
2033 2066 2198 2117 vulgata
2238 2067 2486 2107 imminuitur

146 2135 303 2173 poenae
333 2123 548 2163 acerbitas.
593 2123 663 2164 Sin
686 2123 915 2164 referuntur
945 2124 996 2163 ad
1027 2127 1283 2163 senectutem
1314 2123 1534 2172 clientium,
1566 2123 1673 2162 idem
1702 2126 1797 2162 sunt
1827 2134 1877 2162 ac
1913 2124 2097 2163 senectus
2126 2135 2323 2163 curamini
2346 2122 2486 2174 plena.

148 2178 201 2217 At
231 2191 325 2218 cum
355 2180 435 2219 sint
466 2179 591 2219 verba
619 2179 779 2220 subitae
807 2181 958 2219 mortes
986 2180 1074 2219 sine
1105 2178 1227 2219 dubio
1258 2179 1309 2220 de
1326 2185 1511 2230 patrono,
1543 2179 1645 2219 haec
1671 2189 1776 2230 quae
1796 2178 2100 2230 subsequuntur
2125 2179 2210 2219 fieri
2231 2191 2312 2219 non
2334 2183 2482 2231 potest,

148 2239 192 2274 ut
224 2234 451 2274 referantur
480 2235 532 2275 ad
562 2236 742 2275 clientes.
788 2234 963 2275 Omnino
993 2239 1132 2275 autem
1162 2247 1243 2275 non
1274 2236 1339 2285 agi
1370 2235 1420 2275 de
1451 2235 1666 2275 clientibus
1697 2233 1801 2274 infra
1830 2235 2065 2274 accuratius
2094 2235 2378 2286 exponendum
2409 2240 2482 2276 est.

348 2289 542 2333 Weidner
566 2290 754 2342 Madvigii
785 2292 1023 2332 coniectura
1053 2291 1188 2331 locum
1218 2304 1300 2332 non
1332 2295 1521 2331 sanatum
1551 2295 1664 2331 ratus
1695 2291 1871 2331 coniecit
1900 2290 2074 2331 fortasse
2104 2290 2364 2331 scribendum
2390 2302 2483 2331 esse

145 2346 401 2396 intempesta,
428 2359 508 2397 qua
538 2347 589 2387 de
619 2349 857 2387 coniectura
886 2347 992 2388 idem
1022 2352 1084 2388 est
1114 2348 1390 2395 iudicandum,
1422 2347 1530 2398 quod
1561 2347 1611 2387 de
1641 2346 1906 2400 Madvigiana.
1962 2347 2091 2388 Recte
2120 2352 2256 2387 autem
2286 2347 2481 2388 iudicavit

146 2401 341 2441 Weidner
371 2403 411 2441 in
442 2402 618 2444 editione
647 2403 777 2442 altera
806 2404 868 2442 his
900 2403 1054 2443 verbis:
1087 2416 1127 2442 es
1156 2402 1211 2442 ist
1240 2402 1353 2443 nieht
1383 2401 1638 2452 einzasehen,
1676 2415 1836 2443 warum
1875 2402 1949 2442 der
1988 2401 2215 2454 Schwelqer
2251 2401 2483 2454 uberhaupt

143 2470 222 2498 zar
251 2460 437 2498 senectus
461 2458 665 2510 yelanyen
695 2458 780 2498 soll.
843 2458 950 2498 Oder
979 2458 1055 2498 soll
1093 2458 1292 2499 intestata
1332 2458 1515 2510 besaqen,
1553 2458 1650 2498 dass
1690 2471 1734 2498 er
1761 2471 1840 2499 zar
1870 2457 2138 2510 eiqentlichen
2158 2461 2342 2499 senectus
2361 2458 2478 2499 iiber·

141 2512 275 2564 haapt
302 2513 417 2553 nicht
440 2514 644 2565 ,aelanqtfss
701 2514 794 2553 Das
823 2514 936 2554 kann
965 2515 1011 2554 in
1041 2515 1119 2555 den
1144 2515 1300 2555 Worten
1331 2514 1444 2555 nieht
1468 2514 1681 2566 qesunden
1710 2515 1883 2555 werden.
1926 2513 2042 2555 Aach
2065 2515 2260 2566 Madviqs
2279 2514 2482 2566 infestata

145 2572 331 2610 senectus
359 2568 461 2619 hilft
489 2570 562 2610 der
593 2569 901 2621 Schwieriqkeit
928 2570 1042 2610 nicht
1071 2570 1131 2610 ab.

345 2625 574 2666 Defendere
604 2627 758 2666 codicis
789 2627 1005 2666 lectionem
1037 2631 1209 2666 conatus
1232 2627 1415 2680 Hofius1)
1446 2639 1588 2667 versus
1620 2627 1697 2666 127
1728 2639 1856 2678 usque
1887 2628 1939 2667 ad
1963 2628 2041 2667 146
2064 2628 2116 2668 ad
2138 2640 2259 2668 unam
2280 2628 2482 2679 pertinere

140 2682 347 2722 miseriam
377 2682 586 2723 clientium
616 2681 693 2722 sibi
732 2683 944 2733 persuasit.
994 2681 1144 2723 Censet
1174 2684 1280 2723 enim
1311 2683 1448 2734 verba,
1480 2695 1585 2735 quae
1615 2687 1710 2723 sunt
1739 2683 1939 2724 intestata
1966 2686 2161 2733 senectus,
2191 2695 2283 2725 esse
2308 2683 2359 2724 de
2379 2696 2479 2724 con-

141 2742 306 2789 sumpta
336 2750 380 2777 re
411 2737 614 2787 familiari,
645 2742 689 2778 ut
719 2739 879 2777 dicatur
908 2742 1104 2788 patronus
1136 2751 1216 2778 non
1247 2739 1452 2789 habuisse,
1483 2740 1592 2791 quod
1631 2740 1787 2789 legaret
1816 2739 2040 2780 clientibus.
2114 2740 2167 2779 At
2210 2744 2302 2791 post
2341 2739 2478 2787 verba,

142 2806 248 2844 quae
279 2798 375 2833 sunt
405 2793 566 2834 subitae
594 2797 757 2842 mortes,
789 2795 879 2845 quis
909 2794 978 2834 illa
1007 2795 1181 2845 accipiet
1211 2795 1261 2836 de
1291 2801 1532 2846 consumpta
1562 2808 1606 2836 re
1637 2794 1853 2836 familiari?
1912 2796 2091 2846 ipsorum
2121 2795 2337 2837 verborum
2377 2807 2478 2836 con-

139 2849 345 2891 locatione
378 2854 548 2891 coactus
586 2861 707 2892 nemo
748 2862 829 2891 non
860 2850 1034 2902 accipiet
1073 2850 1124 2891 de
1164 2849 1358 2892 facultate
1396 2851 1571 2892 testandi
1601 2851 1736 2892 subita
1765 2855 1896 2892 morte
1925 2851 2125 2904 adempta.
2183 2851 2241 2892 De
2271 2852 2479 2892 clientium

137 2911 276 2946 autem
319 2908 485 2946 miseria
523 2908 560 2946 h.
592 2908 614 2946 l.
645 2908 812 2947 omnino
851 2920 933 2946 non
972 2919 1064 2947 esse
1103 2908 1318 2947 dicendum
1363 2921 1385 2947 e
1430 2909 1554 2948 totius
1598 2909 1748 2948 satirae
1787 2913 2026 2958 argumento
2066 2909 2226 2949 videtur
2268 2919 2476 2960 apparere.

139 2961 334 3003 Versibus
363 2963 471 3003 enim
506 2962 697 3003 19—146
728 2967 851 3015 poeta
881 2963 1059 3015 exponit,
1091 2975 1171 3015 qua
1200 2975 1244 3004 re
1276 2968 1396 3015 capto
1426 2963 1629 3004 scribendi
1661 2963 1830 3004 consilio
1860 2964 1912 3004 ad
1942 2964 2090 3005 satiras
2120 2964 2254 3016 potius
2275 2975 2397 3016 quam
2423 2963 2475 3004 ad

139 3019 221 3058 alia
252 3020 479 3059 carminum
509 3031 662 3070 genera
692 3021 873 3060 animum
904 3021 1171 3060 converterit:
1202 3025 1263 3060 tot
1292 3021 1400 3060 enim
1430 3025 1472 3060 et
1501 3025 1616 3060 tanta
1647 3022 1688 3060 in
1717 3020 1817 3061 urbe
1847 3022 1982 3072 vigere
2011 3021 2170 3062 scelera
2204 3033 2255 3061 ac
2285 3021 2396 3070 vitia,
2435 3024 2478 3059 ut

139 3074 300 3115 difficile
331 3077 384 3115 sit
414 3076 582 3116 satiram
613 3089 693 3117 non
725 3075 919 3118 scribere.
975 3075 1135 3119 Notatis
1167 3077 1288 3128 igitur
1318 3076 1591 3128 compluribus
1622 3077 1729 3119 vitiis
1759 3089 1809 3118 ac
1840 3077 2062 3120 sceleribus
2092 3077 2185 3119 inde
2210 3089 2236 3118 a
2255 3087 2376 3119 versu
2400 3074 2478 3117 127

346 3165 371 3209 ¹)
382 3190 383 3193 ,
397 3146 659 3209 ProgrfWesel
685 3166 782 3201 1891.
