2640 3438
1308 251 1360 299 16

355 382 495 442 ltaque
526 396 619 429 cuni
649 397 781 442 neque
812 384 1053 440 Pinzgerum
1084 401 1217 441 neque
1247 390 1513 429 scholiastam
1543 390 1659 441 sequi
1690 390 1825 439 liceat,
1870 382 2122 442 relinquitur,
2163 389 2209 430 ut
2246 382 2323 442 ipsi
2364 380 2500 431 locuni

155 446 413 496 interpretari
444 446 681 486 audeamus
740 447 969 486 Relativum
1001 458 1102 495 quos
1130 451 1269 486 autem
1299 448 1341 485 in
1370 457 1493 485 versu
1525 445 1576 485 16
1606 446 1803 497 scriptum
1823 447 1912 487 sine
1930 447 2055 487 dubio
2073 444 2216 486 reterri
2234 457 2356 498 pooee
2376 457 2501 499 supa

153 502 415 552 exposuimus
445 502 498 542 ad
528 503 666 542 omnia
695 514 802 554 quae
832 503 872 543 in
902 502 1089 543 versibus
1123 502 1174 542 14
1203 514 1234 542 s.
1265 501 1455 553 leguntur
1482 502 1663 552 nomina,
1701 506 1748 543 ut
1787 513 1894 555 quae
1944 502 2155 544 enuntiato
2194 501 2367 543 relativo
2396 513 2498 543 con-

154 558 334 597 tinentur
374 570 456 598 non
496 558 628 598 solum
659 558 709 598 de
740 557 938 610 Bithynis,
969 558 1043 597 sed
1073 558 1124 597 de
1154 558 1316 598 Asianis
1347 556 1659 609 Cappadocibus
1689 557 1874 610 Bithynis
1911 559 2063 610 paritet
2098 558 2302 599 dicantur.
2341 557 2499 610 Neque

153 615 242 660 erit,
274 614 343 664 qui
373 614 587 653 nobiscum
618 614 756 654 facere
786 615 957 661 dubitet,
988 615 1229 664 praesertim
1269 626 1363 654 eum
1400 617 1515 654 arcte
1551 614 1658 654 inter
1695 626 1742 656 so
1780 614 1940 666 singula
1969 614 2137 656 nomina
2165 615 2388 655 coniuncta
2416 615 2499 655 sint

152 668 309 709 voculis
341 671 486 719 et-que.
546 669 619 709 Hic
650 674 822 720 quaerat
851 670 1064 721 quispiam,
1096 681 1193 709 num
1223 670 1263 709 hi
1293 680 1436 709 omnes
1467 680 1491 708 e
1521 667 1684 709 Galatia
1713 669 1885 710 Romam
1915 670 2091 710 traducti
2132 681 2226 709 esse
2266 674 2380 710 recte
2418 670 2498 709 dici

150 726 320 775 possint.
381 725 499 775 Quod
539 725 625 765 fieri
667 737 790 776 posse
830 725 1018 777 equidem
1058 737 1140 766 non
1176 725 1318 765 dubito
1348 737 1421 776 pro
1452 728 1566 765 certo
1596 736 1753 776 negare
1789 731 2017 766 commotus
2052 724 2196 766 iisdem
2236 726 2500 776 argumentis,

150 779 297 831 quibus
336 781 448 821 solos
488 782 688 832 Bithynos
725 793 747 821 e
784 780 946 821 Galatia
990 781 1202 821 traductos
1246 792 1339 821 esse
1383 792 1477 821 cum
1514 779 1712 831 Pinzgero
1748 782 1906 832 negavi.
1963 781 2143 833 Apparet
2181 792 2344 822 omnem
2373 781 2500 822 inter-

151 837 340 886 pretandi
377 838 580 876 rationem
623 837 794 877 haerere
834 838 873 876 in
910 836 1046 876 verbis
1088 837 1178 884 illis,
1219 848 1324 887 quae
1364 841 1459 876 sunt
1499 835 1633 876 altera
1666 835 1819 886 Gallia,
1853 843 1895 879 et
1923 839 2107 889 sequitur
2134 837 2254 878 huius
2283 837 2501 878 locutionis

151 892 467 943 explicationem
500 897 625 944 caput
654 904 747 933 esse
778 894 902 933 totius
934 893 1293 944 interpretationis.

352 948 434 989 Sed
476 949 515 988 id
557 951 688 1001 ipsum
730 950 950 1001 quaeritur,
994 962 1090 990 num
1131 948 1392 990 scribendum
1433 949 1486 988 sit
1524 947 1659 989 altera
1708 947 1860 990 Gallia.
1890 949 2064 992 Praebet
2098 950 2207 990 enim
2237 949 2368 990 codex
2396 948 2500 991 Pith.

148 1004 301 1055 qalzica
316 1005 355 1058 (i.
367 1017 400 1046 e.
414 1005 639 1054 Pantoffel),
657 1018 803 1046 manus
819 1007 906 1046 eius
924 1006 1178 1046 emendatrix
1194 1006 1356 1046 exhibet
1370 1004 1517 1056 qallz‘a,
1533 1005 1697 1046 codices
1707 1006 1930 1047 deteriores
1943 1018 2085 1048 omnes
2095 1007 2192 1046 item
2205 1005 2359 1047 habent
2368 1006 2501 1057 gallia.

152 1061 421 1102 pithoeanum
429 1066 567 1102 autem
576 1067 743 1102 secutus
752 1063 969 1102 lectionem
974 1062 1128 1112 qalllca
1139 1063 1294 1113 recepit
1306 1061 1544 1110 Buecheler,
1558 1066 1602 1101 ut
1611 1062 1713 1102 baec
1723 1074 1865 1103 versus
1873 1064 2077 1103 sententia
2085 1062 2272 1103 videatur
2278 1074 2385 1103 esse:
2400 1074 2501 1114 quos

150 1117 348 1157 ridiculos
360 1117 467 1167 facit
481 1118 593 1158 nudo
611 1118 693 1158 talo
711 1118 844 1158 altera
856 1118 1020 1169 yallica.
1058 1118 1114 1158 De
1132 1119 1372 1159 traducendi
1389 1117 1515 1158 verbo
1531 1117 1673 1159 confer
1689 1117 1783 1159 VIII.
1803 1119 1852 1159 17
1870 1124 1911 1160 et
1926 1119 1990 1160 Xl.
2012 1119 2078 1160 31.
2114 1117 2196 1160 Sed
2216 1119 2377 1161 videtur
2396 1121 2499 1161 haec

151 1174 272 1214 lectio
281 1173 464 1214 ferrinon
473 1184 607 1225 posse:
625 1186 718 1214 nam
727 1186 882 1223 eorum,
892 1174 1164 1226 quibuspoeta
1180 1176 1360 1226 equitum
1370 1175 1540 1214 istorum
1552 1175 1772 1226 nequitiam
1781 1180 1822 1215 et
1830 1176 1958 1215 malas
1966 1180 2076 1216 artes
2083 1176 2272 1227 castigat,
2280 1176 2498 1216 verborum

149 1231 414 1269 severitatem
431 1235 554 1281 atque
586 1231 854 1270 acerbitatem
886 1232 1067 1270 imminui
1088 1236 1130 1270 et
1154 1242 1285 1281 paene
1306 1230 1485 1280 extingui
1506 1229 1645 1269 addita
1666 1231 1744 1270 hac
1765 1231 1946 1271 indecori
1968 1232 2130 1271 habitus
2144 1233 2171 1281 1)
2192 1233 2499 1283 vituperatione,

149 1287 239 1336 quis
270 1291 334 1325 est
363 1288 460 1337 quin
489 1287 675 1325 sentiat‘?
734 1286 783 1325 Et
812 1287 921 1338 quod
952 1287 1080 1326 multo
1110 1287 1243 1326 maius
1273 1291 1350 1334 est,
1381 1285 1478 1337 quid
1508 1286 1561 1325 sit
1592 1285 1726 1326 altera
1751 1286 1917 1337 yallica,
1957 1299 2078 1328 nemo
2119 1288 2254 1328 adhue
2284 1299 2356 1339 pro
2386 1292 2500 1329 certo

147 1344 284 1382 dicere
314 1343 456 1393 potuit.
514 1342 619 1382 Nam
650 1343 717 1393 qui
749 1343 945 1392 intellegit
975 1344 1133 1394 equites
1165 1345 1266 1383 istos
1296 1342 1428 1383 nudos
1459 1341 1584 1381 fuisse
1614 1342 1744 1382 altero
1775 1343 1891 1393 pede,
1932 1343 1966 1383 is
2003 1344 2152 1384 docere
2183 1343 2359 1392 debebit,
2395 1355 2500 1396 quo-

151 1397 274 1436 modo
304 1399 484 1448 potuerit
514 1398 611 1444 sieri,
643 1403 687 1437 ut
717 1410 800 1439 non
830 1399 975 1438 ambos
1006 1399 1130 1449 pedes
1161 1404 1233 1438 aut
1263 1399 1394 1438 nudos
1424 1397 1624 1436 haberent
1645 1403 1715 1437 aut
1736 1399 1958 1438 calceatos.
1993 1399 2188 1439 Weidner
2208 1400 2306 1438 dicit
2326 1399 2501 1439 alteram

144 1453 340 1502 mellicam
369 1465 519 1494 nomen
549 1456 761 1504 accepIsse
783 1454 836 1493 ab
865 1455 995 1494 altera
1027 1454 1170 1502 Gallia,
1200 1456 1308 1495 unde
1330 1454 1500 1494 Romam
1516 1453 1556 1492 id
1577 1465 1705 1504 genus
1726 1454 1931 1495 solearum
1951 1456 2201 1506 pervenerit;
2231 1455 2303 1495 sed
2325 1454 2496 1503 dubitat,

149 1514 285 1550 utrum
316 1510 357 1551 in
388 1509 660 1562 Transalpina
689 1509 810 1551 fuerit
838 1510 1078 1562 gallicarum
1110 1511 1346 1559 fabricator,
1378 1522 1430 1550 an
1461 1510 1502 1549 in
1533 1507 1704 1550 Galatia.
1764 1510 1881 1561 Quod
1911 1522 2033 1565 quam
2074 1523 2155 1552 non
2185 1513 2239 1551 sit
2267 1511 2499 1560 verisimile,

149 1566 212 1605 vel
244 1567 336 1607 inde
365 1571 548 1617 apparet,
580 1567 690 1619 quod
720 1569 964 1618 scriptorum
995 1568 1110 1606 locos
1143 1570 1202 1607 vIr
1232 1568 1378 1606 doctus
1409 1578 1491 1605 non
1521 1567 1666 1605 attulit.
1724 1565 1767 1606 Si
1798 1568 1967 1608 dixisset
1997 1573 2119 1618 poeta
2149 1566 2328 1607 barbara
2343 1567 2499 1618 yallica

148 1623 213 1662 vel
256 1622 430 1662 sordida
468 1622 625 1673 qallica
668 1623 962 1674 interpretandi
1008 1624 1182 1664 facultas
1227 1628 1351 1672 esset,
1395 1633 1504 1662 nunc
1547 1634 1640 1662 cum
1683 1623 1878 1674 scriptum
1914 1624 1967 1664 sit
1997 1622 2142 1673 altera,
2171 1624 2267 1677 quid
2297 1623 2374 1664 sibi
2402 1623 2499 1664 velit

150 1690 308 1727 versuS‚
339 1690 423 1718 non
454 1679 650 1718 videmus.
710 1679 828 1729 Quod
859 1691 951 1718 cum
982 1681 1039 1718 ita
1069 1681 1135 1728 sit,
1166 1681 1327 1719 videtur
1356 1678 1625 1729 praeferenda
1666 1690 1757 1717 esse
1787 1679 1952 1729 vulgata
1990 1680 2133 1719 lectio:
2175 1679 2309 1719 altera
2347 1678 2499 1719 Gallia.

354 1734 555 1775 Usitatam
595 1740 734 1776 autem
781 1735 926 1776 horum
965 1735 1182 1777 verborum
1220 1735 1533 1788 explicationem
1571 1746 1596 1774 a
1631 1734 1854 1775 scholiasta
1883 1733 2121 1787 profectam,
2151 1746 2233 1789 qua
2262 1733 2499 1776 Galatarum

150 1791 326 1830 nominis
359 1791 764 1831 circumlocutionem
795 1792 966 1831 subesse
997 1793 1107 1839 dicit,
1139 1804 1272 1845 neque
1298 1796 1436 1842 aptam
1457 1792 1702 1830 sententiam
1723 1792 1811 1830 sine
1830 1792 2030 1841 particula
2051 1792 2283 1842 copulativa
2302 1793 2499 1842 praebere

150 1859 274 1897 supra
304 1847 492 1895 diximus,
524 1859 656 1899 neque
687 1848 995 1887 concedendam
1026 1860 1117 1889 esse
1147 1849 1229 1888 ullo
1260 1847 1382 1887 modo
1413 1847 1684 1886 demonstrari
1715 1851 1862 1897 potest.
1918 1846 2128 1899 Nusquam
2158 1848 2265 1888 enim
2297 1846 2498 1888 Galatiam

149 1903 335 1942 similiter
376 1904 627 1942 nominatam
669 1904 946 1955 invenimus2),
998 1915 1131 1956 neque
1177 1904 1334 1943 facilius
1376 1902 1444 1954 qui
1489 1902 1564 1942 hos
1608 1913 1752 1942 versus
1791 1901 1981 1953 legebant
2019 1907 2179 1943 veteres
2214 1903 2365 1942 vidisse
2400 1908 2498 1954 puto

149 1958 353 1999 Galatiam
400 1959 713 2009 intellegendam
758 1970 851 2000 esse
890 1972 1013 2012 quam
1053 1973 1129 2000 nos
1166 1960 1287 2001 hodie
1322 1958 1519 2007 videmus,
1559 1959 1795 2011 priusquam
1831 1959 2169 2000 commentarium
2208 1959 2498 2000 consuluimus.

150 2014 196 2055 Et
229 2019 272 2055 ut
304 2016 346 2055 in
376 2015 536 2055 calculo
567 2014 757 2055 facillime
787 2015 843 2064 fit,
874 2020 919 2055 ut
949 2016 1038 2056 leve
1068 2016 1233 2069 aliquod
1264 2014 1455 2055 mendum
1486 2014 1613 2064 fugiat
1642 2026 1735 2054 eum
1765 2015 1834 2067 qui
1864 2019 2073 2067 computat
2110 2020 2152 2056 et
2189 2016 2335 2055 iterum
2374 2020 2498 2068 atque

147 2074 295 2111 iterum
334 2073 565 2122 neglectum
606 2073 771 2112 tandem
811 2072 974 2121 efficiat,
1017 2078 1061 2112 ut
1103 2074 1154 2113 de
1196 2072 1393 2112 solvenda
1434 2072 1593 2111 ratione
1637 2071 1704 2111 ille
1733 2070 1935 2122 desperet,
1964 2072 2021 2111 ita
2050 2071 2153 2112 falsa
2183 2072 2251 2112 illa
2280 2071 2498 2123 explicatio

147 2128 325 2167 editores
370 2128 520 2168 multos
566 2128 740 2179 decepit,
786 2132 831 2168 ut
877 2129 1042 2169 tandem
1088 2140 1251 2169 versum
1296 2129 1445 2168 eiicere
1490 2127 1670 2175 mallent,
1715 2139 1838 2179 quam
1880 2127 2031 2167 diutius
2072 2129 2113 2167 in
2154 2127 2389 2168 difficillima
2417 2128 2496 2168 hac

147 2185 388 2236 quaestione
417 2195 584 2235 operam
615 2190 656 2224 et
685 2186 820 2224 oleum
850 2185 1031 2235 perdere.
1102 2184 1212 2236 Opus
1243 2191 1307 2224 est
1335 2184 1457 2234 igitur
1486 2183 1717 2232 verborum,
1748 2194 1854 2236 quae
1884 2188 1980 2223 sunt
2009 2182 2141 2223 altera
2176 2183 2328 2233 Gallia,
2358 2196 2496 2224 veram

150 2242 360 2291 requirere
390 2240 715 2289 explicationem.

350 2293 496 2335 Studet
534 2295 627 2341 hoc,
668 2295 718 2335 de
759 2308 839 2348 quo
880 2297 1025 2347 agitur,
1063 2296 1156 2336 loco
1193 2300 1315 2347 poeta
1350 2293 1485 2333 verbis
1524 2293 1667 2334 efferre
1704 2293 1894 2333 Italorum
1931 2294 2122 2333 invidiam
2159 2299 2312 2334 motam
2351 2295 2497 2334 crebro

148 2352 457 2400 provincialium
494 2352 648 2391 Romae
685 2365 889 2392 concursu
925 2358 967 2392 et
1003 2365 1145 2392 eorum
1181 2352 1305 2392 infimi
1342 2351 1515 2401 generis,
1553 2351 1621 2401 qui
1657 2349 1753 2400 olim
1790 2351 1897 2390 servi
1934 2350 2051 2390 malis
2081 2350 2236 2391 artibus
2266 2355 2495 2402 equestrem

150 2407 389 2457 dignitatem
420 2412 461 2447 et
491 2420 672 2447 summos
703 2409 760 2447 rei
792 2408 978 2459 publicae
999 2409 1176 2448 honores
1198 2407 1378 2448 assecuti
1400 2411 1529 2446 erant.
1570 2406 1727 2446 Similia
1748 2406 1866 2445 huius
1887 2406 2063 2446 invidiae
2084 2407 2329 2455 testimonia,
2360 2407 2496 2458 qualia

149 2465 329 2502 omnium
360 2464 505 2502 animis
537 2466 712 2502 maxime
733 2466 1045 2512 conveniebant,
1077 2466 1183 2515 apud
1205 2465 1354 2503 multos
1375 2465 1523 2502 aetatis
1545 2463 1832 2512 imperatoriae
1851 2463 2072 2512 scriptores
2094 2463 2364 2512 inveniuntur,
2387 2463 2496 2503 velut

149 2520 257 2569 apud
290 2518 512 2560 Martialem
545 2519 594 2568 X,
627 2519 679 2560 76
711 2533 763 2560 ss.

892 2576 993 2625 Hoc,
1025 2577 1217 2625 Fortuna,
1248 2576 1320 2615 tibi
1350 2575 1509 2614 videtur
1538 2575 1745 2625 aequum?

894 2632 1003 2672 Civis
1033 2645 1116 2673 non
1146 2632 1341 2684 Syriaeve
1372 2629 1627 2680 Parthiaeve‚

892 2688 977 2729 Nec
1007 2689 1058 2728 de
1089 2688 1345 2740 Cappadocis
1375 2698 1501 2737 eques
1531 2687 1715 2733 catastis,

894 2744 975 2783 Sed
1005 2745 1055 2784 de
1085 2746 1202 2794 plebe
1232 2743 1347 2782 Remi
1377 2743 1615 2792 Numaeque
1645 2754 1783 2790 verna,

892 2800 1107 2849 iucundus,
1138 2798 1303 2851 probus,
1333 2799 1531 2839 innocens
1561 2798 1731 2845 amicus,

892 2857 1048 2907 Lingua
1078 2858 1224 2896 doctus
1254 2860 1442 2905 utraque,
1474 2856 1589 2894 cuius
1619 2866 1742 2894 unum
1774 2858 1850 2903 est,

891 2912 973 2953 Sed
1004 2924 1196 2964 magnum
1226 2912 1381 2959 vitium,
1413 2909 1521 2962 quod
1551 2914 1615 2950 est
1644 2914 1778 2961 poeta,

892 2968 1007 3008 Pullo
1038 2968 1220 3009 Maevius
1250 2968 1359 3017 alget
1389 2968 1430 3006 in
1460 2966 1634 3015 cucullo,

892 3023 1030 3066 Cocco
1061 3024 1184 3065 mulio
1215 3022 1340 3074 fulget
1370 3022 1576 3063 Incitatus.

355 3125 379 3166 ¹)
414 3125 485 3159 Cic.
513 3125 598 3158 Phit
625 3124 662 3158 lt.
688 3125 742 3158 30.
766 3124 821 3159 76.
868 3123 1003 3159 Gellius
1031 3125 1083 3161 13.
1108 3124 1152 3157 22
1176 3123 1258 3166 (21).
1285 3123 1313 3156 1.
1363 3123 1457 3157 Suet.
1483 3123 1590 3166 Calig.
1615 3124 1667 3156 52.

351 3170 375 3211 ⁹)
411 3171 482 3203 Cic.
506 3171 550 3203 de
576 3181 674 3214 prov.
701 3181 797 3204 cons.
826 3171 865 3204 17
891 3172 1042 3204 alteram
1067 3170 1220 3204 Galliam
1245 3181 1327 3203 esse
1352 3171 1427 3203 vult
1455 3169 1737 3213 Transalpinam.
