2640 3438
1302 253 1355 291 ie

151 384 451 425 ostendentem·
482 397 573 425 eam
602 398 687 425 rem
717 398 873 436 aayens
903 385 1085 436 appellat
1115 385 1307 427 vocabalo
1337 399 1362 426 a
1392 386 1528 425 bestii-s·
1560 382 1760 436 trculac'to,
1792 385 2130 437 quemadmodum
2155 384 2357 437 Verqilius
2386 384 2488 425 Aen.

152 441 231 480 XI.
253 441 340 480 644
371 441 417 481 in
445 441 609 481 homine
638 441 822 492 corporis
850 441 1040 492 immitis,
2086 437 2096 447 ‘

353 507 599 548 Omittamus
642 508 786 547 miram
830 506 1046 548 verborum
1092 509 1429 560 complexionem,
1474 520 1579 560 quae
1617 513 1680 549 est
1710 508 1877 559 lonyum
1911 520 2072 548 armum
2100 508 2163 548 vel
2191 506 2419 556 humerum,
2447 510 2490 547 et

151 564 286 606 minus
329 567 483 615 aptam,
527 567 573 604 ut
616 563 656 604 in
701 562 883 612 muliere,
923 564 1026 603 armi
1064 564 1400 616 appellationem:
1438 569 1573 606 utrum
1612 564 1851 606 coniectura
1887 575 1989 615 opus
2028 564 2082 604 sit
2110 574 2241 605 necne
2270 563 2489 616 quaeritur.

149 619 291 669 Neque
321 619 491 659 idoneas
521 619 705 659 mutandi
735 630 884 658 causas
915 620 1012 658 mihi
1042 620 1205 670 quidem
1237 621 1396 660 videtur
1415 621 1640 670 Madvigius
1670 620 1867 659 attulisse.
1915 619 2020 660 Nam
2041 620 2150 670 quod
2171 620 2269 658 dicit
2297 619 2490 658 hocloco

151 674 361 715 mulierem
392 674 443 715 de
473 674 594 725 vulgo
623 674 814 715 divitibus
845 676 1095 716 contrariam
1125 676 1238 726 poni:
1269 675 1459 717 divitibus
1490 676 1696 717 contraria
1724 675 1888 727 ponitur
1916 674 2133 717 mediocris
2155 674 2226 718 illa
2246 675 2286 717 in
2306 673 2492 717 versibus

149 729 232 770 582
268 742 370 782 squ,
416 741 521 782 quae
565 730 740 771 frontem
784 741 1031 781 manumque
1075 730 1245 782 praebet
1285 733 1368 771 vati
1411 731 1599 773 crebrum
1646 741 1844 784 popysma
1881 731 2053 782 roganti.
2120 730 2208 770 Hoc
2245 730 2338 770 loco
2373 733 2495 781 poeta

152 786 353 835 plebeiam
396 787 607 826 mulierem
652 787 761 826 vitae
805 785 1005 826 liberioris
1046 786 1255 836 describit,
1303 793 1346 828 ut
1399 800 1541 828 omnes
1583 787 1785 835 mulieres,
1830 797 2031 838 pauperes
2079 786 2238 835 divites,
2283 789 2494 826 matronas

152 841 402 891 meretrices,
429 841 677 892 astrologiae
706 841 871 882 studere
911 842 1107 894 exemplis
1149 842 1308 883 doceat.
1377 842 1457 884 Sed
1497 843 1594 883 dicit
1623 841 1847 893 Madvigius
1877 842 1979 882 satis
2009 846 2172 894 poetam
2202 840 2495 893 significavisse

151 898 343 939 feminam
384 903 552 949 nuptam
591 899 641 938 de
681 899 792 938 tenui
828 897 958 949 plebe,
990 900 1188 949 cauponis
1219 912 1401 944 uxorem.
1433 900 1518 949 sed,
1550 905 1594 940 ut
1624 904 1709 939 tum
1739 898 1888 939 fuerint
1917 911 2066 948 mores,
2096 898 2147 939 de
2177 898 2351 940 divortio
2381 897 2494 948 cogi-

151 957 318 995 tantem.
377 952 425 994 Et
456 958 500 995 ut
527 958 675 1005 agatur
705 954 756 995 de
786 955 984 1005 cauponis
1016 966 1156 1004 uxore,
1188 955 1228 996 id
1258 956 1367 1008 quod
1397 957 1638 1008 interpretes
1668 955 1771 996 effici
1803 958 1975 996 censent
2010 966 2061 996 ex
2091 955 2164 1005 eis,
2194 951 2301 1007 (inae
2328 957 2424 994 sunt
2453 954 2494 994 in

150 1022 271 1049 versu
301 1010 381 1049 591
414 1009 544 1049 nabat
572 1022 756 1061 caupone
785 1009 937 1059 relicto,
967 1012 1111 1051 mulier
1133 1011 1308 1051 honesta
1338 1017 1450 1052 certe
1479 1012 1557 1052 hoc
1589 1013 1680 1051 loco
1709 1023 1791 1051 non
1822 1010 2075 1051 describitur.
2115 1011 2219 1050 Nam
2246 1022 2353 1060 quae
2370 1008 2495 1049 nudis

151 1065 317 1117 longum
347 1065 525 1106 ostendit
550 1065 771 1107 cervicibus
792 1080 944 1107 aarum
972 1079 1065 1108 mea
1095 1067 1259 1119 quidem
1289 1069 1495 1109 sententia
1515 1073 1578 1108 est
1599 1067 1843 1116 tabernaria,
1866 1067 2008 1119 quales
2029 1067 2069 1107 in
2090 1067 2287 1119 cauponis
2306 1064 2493 1107 solebant

150 1121 302 1162 saltare
333 1126 374 1161 et
404 1133 554 1163 canere
584 1134 747 1173 ,corpus
777 1124 1036 1173 prostituere,
1067 1123 1131 1164 vel
1163 1134 1281 1174 copa,
1313 1124 1456 1175 quales
1486 1129 1656 1164 ornatae
1686 1135 1759 1174 pro
1790 1123 1960 1163 taberna
1984 1126 2142 1163 stantes
2163 1122 2322 1163 blandis
2342 1120 2491 1170 verbis,

150 1177 279 1217 oculis
309 1178 509 1227 venereis,
539 1178 692 1218 lasciva
718 1178 937 1219 saltatione
958 1183 1268 1229 praetereuntes
1289 1179 1517 1220 invitabant
1537 1185 1659 1232 atque
1680 1178 1940 1219 allectabant.
1981 1178 2254 1229 Quamobrem
2273 1177 2493 1219 Suetonius

151 1233 241 1273 Ner.
273 1233 347 1273 27:
378 1236 594 1274 matronae
624 1247 746 1285 copas
777 1233 996 1275 imitantes.
1064 1234 1224 1286 Optime
1261 1247 1397 1276 mores
1438 1240 1562 1288 atque
1602 1239 1789 1276 naturam
1829 1235 1921 1275 talis
1960 1234 2139 1275 mulieris
2178 1238 2300 1286 poeta
2328 1232 2492 1285 quidam

148 1290 349 1339 expressit
379 1290 561 1328 carmine
591 1290 672 1336 illo,
705 1291 813 1340 quod
849 1289 962 1341 Copa
991 1292 1230 1341 inscriptum
1261 1292 1382 1340 vulgo
1412 1292 1602 1331 tribuitur
1618 1291 1806 1341 Vergilio.
1864 1291 1952 1341 lpse
1974 1290 2173 1331 luvenalis
2187 1289 2281 1330 vlu.
2306 1289 2384 1329 159
2404 1301 2491 1340 squ.

150 1343 291 1383 obvius
322 1343 496 1383 adsiduo
528 1344 818 1395 Syrophoenix
847 1348 997 1385 mzctas
1027 1358 1184 1385 amomo
1216 1346 1360 1394 currit,
1391 1346 1618 1386 Idumaeae
1648 1345 1934 1397 Syrophomzia:
1969 1345 2106 1385 incoia
2136 1347 2286 1395 portae
2319 1343 2493 1394 hospitis

149 1398 317 1449 adfecta
353 1399 564 1441 dominam
604 1414 818 1452 restemque
852 1400 1020 1451 salutat,
1059 1404 1097 1441 et
1132 1415 1222 1442 cnm
1258 1401 1396 1443 venali
1430 1400 1573 1453 Cyane
1610 1401 1816 1443 succincta
1854 1401 2027 1453 laqonaf
2098 1401 2156 1442 lta
2187 1405 2231 1441 ut
2260 1399 2492 1451 intellegam

148 1456 256 1495 hunc
296 1456 443 1504 locum,
483 1457 678 1507 imprimis
719 1462 885 1497 movent
923 1458 1049 1497 verba
1085 1458 1211 1497 uadis
1241 1457 1463 1498 cervicibus
1493 1459 1623 1511 (589);
1661 1458 1858 1499 liberioris
1895 1459 2002 1497 enim
2034 1459 2141 1497 vitae
2176 1457 2366 1497 mulieres
2396 1461 2492 1506 toga

149 1512 208 1550 uti
249 1516 291 1551 et
338 1512 530 1552 humeros
570 1513 830 1564 lacertosque
871 1514 1079 1554 denudare
1120 1514 1320 1560 solebant,
1384 1519 1599 1554 matronae
1643 1515 1825 1565 corporis
1869 1513 2051 1553 membra
2094 1512 2332 1564 operiebant
2375 1511 2491 1551 stola.

148 1565 298 1607 Confer
328 1568 362 1607 si
394 1567 528 1617 placet
558 1567 637 1608 luv.
669 1567 710 1607 ll.
743 1569 796 1608 68
828 1581 915 1620 squ.
947 1571 1006 1608 est
1034 1568 1198 1609 moecha
1227 1568 1422 1619 Fabulla,
1453 1569 1683 1617 damnetur,
1713 1569 1750 1608 si
1777 1568 1861 1617 vis;
1891 1568 2014 1608 etiam
2039 1567 2229 1617 Carfinia
2259 1567 2379 1607 talem
2408 1579 2490 1607 non

146 1625 279 1662 sumet
307 1622 507 1662 damnata
539 1626 675 1674 toqam
704 1629 745 1664 et
775 1623 889 1665 Mart.
920 1625 961 1664 ll.
993 1626 1046 1665 39
1077 1625 1239 1665 coccina
1269 1625 1457 1674 famosae
1485 1625 1617 1665 donas
1648 1628 1686 1665 et
1717 1624 1908 1665 ianthina
1938 1623 2144 1664 moechae:
2174 1623 2236 1663 zris
2264 1623 2366 1662 dare
2386 1635 2492 1673 qaae

149 1677 300 1719 meruit
329 1691 516 1728 nizonem,
554 1679 669 1719 mitte
709 1683 854 1731 toyam.
920 1680 1030 1721 Auro
1060 1686 1197 1721 autem
1230 1694 1280 1722 ne
1310 1682 1547 1721 meretrices
1578 1681 1740 1732 quidam
1771 1681 1952 1720 caruisse
1998 1680 2120 1720 docet
2158 1683 2299 1720 sextae
2338 1679 2491 1718 satirae

149 1747 292 1775 versus
327 1735 405 1774 122
446 1735 559 1775 nuda
591 1736 766 1787 papillis
795 1737 984 1787 prostitit
1025 1736 1188 1777 auratis
1230 1739 1252 1777 i.
1284 1750 1318 1777 e.
1347 1742 1555 1788 tamquam
1595 1749 1733 1777 verum
1770 1741 1951 1777 scortum
1988 1736 2146 1787 papillis
2181 1748 2306 1776 aureo
2353 1735 2491 1775 monili

148 1791 314 1831 ornatis.
375 1790 503 1839 Adde,
535 1791 644 1843 quod
673 1805 796 1844 saepe
827 1793 933 1845 apud
964 1793 1195 1833 iuvenalem
1226 1794 1398 1834 materia
1427 1793 1516 1833 sola
1546 1805 1618 1844 pro
1649 1804 1692 1833 re
1722 1805 1772 1833 ex
1803 1794 1975 1832 materia
2005 1792 2114 1832 sacta
2135 1792 2315 1843 ponitur:
2339 1803 2489 1831 aarum

150 1846 194 1885 V.
224 1847 278 1886 39
320 1852 361 1886 et
401 1847 447 1885 X.
479 1848 530 1887 27
572 1853 636 1887 est
660 1849 856 1898 pecu-lam
886 1862 1071 1898 auream,
1107 1850 1149 1889 V.
1176 1851 1253 1889 164
1288 1849 1411 1898 bulla,
1441 1849 1466 1888 1.
1488 1849 1541 1888 28
1572 1855 1612 1889 et
1634 1849 1712 1888 Vll.
1743 1851 1796 1889 89
1828 1849 1991 1898 anulus,
2022 1848 2082 1888 vl.
2113 1848 2195 1888 205
2235 1852 2276 1887 et
2298 1847 2377 1886 Vll.
2408 1847 2490 1886 243

149 1904 323 1951 moneta,
360 1902 420 1942 Vl.
450 1903 533 1943 482
568 1903 692 1944 vestis
721 1917 798 1945 acu.
822 1904 948 1955 picta.

349 1958 406 1998 Ex
438 1959 512 2009 his,
545 1960 649 2011 quae
680 1960 774 2007 dixi,
806 1962 907 2001 satis
938 1962 1034 2002 mihi
1056 1962 1214 2002 videtur
1244 1974 1442 2013 apparere
1472 1961 1718 2004 servandam
1750 1972 1842 2002 esse
1873 1960 2060 2002 codicum
2091 1960 2309 2001 lectionem
2340 1970 2491 2000 amam

146 2020 187 2054 et
218 2014 462 2055 vocabulum
494 2018 581 2055 auri
612 2018 894 2068 accipiendum
927 2031 1000 2069 pro
1032 2032 1157 2058 aureo
1189 2019 1341 2058 monili.

1085 2160 1185 2213 Vl.
1221 2158 1371 2213 605
1407 2170 1558 2223 squ.

1158 2250 1249 2291 Stat
1279 2250 1460 2291 Fortuna
1490 2249 1674 2300 improba
1706 2254 1829 2289 noctu
2337 2247 2430 2287 605.

741 2307 931 2347 adridens
962 2307 1080 2347 nudis
1111 2307 1344 2355 infantibus,
1376 2307 1451 2345 hos
1482 2306 1591 2346 fovet
1620 2317 1762 2345 omnes

742 2364 990 2414 involvitque
1020 2365 1124 2410 sinu,
1155 2363 1343 2404 domibus
1374 2367 1472 2402 tunc
1503 2362 1670 2412 porrigit
1699 2362 1792 2401 altis

742 2423 1028 2471 secretumque
1059 2419 1135 2459 sibi
1166 2420 1332 2459 mimum
1363 2422 1499 2470 parat;
1530 2418 1604 2458 hos
1639 2422 1762 2465 amat,
1795 2418 1856 2457 his
1887 2430 1932 2457 se

743 2477 890 2525 ingerit
920 2482 1044 2526 utque
1073 2488 1171 2515 suos
1201 2487 1363 2525 semper
1392 2475 1579 2525 producit
1608 2475 1805 2514 alumnos.

348 2528 416 2569 Sic
450 2530 568 2579 vulgo
600 2530 822 2579 legebatur.
888 2531 968 2572 Sed
999 2535 1039 2571 in
1070 2544 1190 2571 versu
1222 2532 1303 2571 606
1343 2530 1508 2571 Beerius
1539 2531 1682 2570 statuit
1711 2531 1896 2570 codicem
1930 2528 1960 2569 P
1990 2528 2181 2569 exhibere
2212 2527 2334 2578 ennii,
2364 2540 2486 2579 quam

144 2587 363 2626 lectionem
394 2588 434 2627 in
465 2590 620 2626 textum
651 2589 805 2638 recepit
836 2587 1046 2635 Biicheler‚
1078 2588 1308 2626 reiecerunt
1330 2586 1524 2626 Weidner
1552 2591 1593 2626 et
1623 2586 1773 2626 Bobius
1804 2585 1958 2638 (Progr.
1989 2583 2314 2625 Kaiserslautern
2348 2584 2485 2635 1889),

144 2654 318 2694 quorum
348 2643 414 2683 hic
445 2643 630 2692 recipere
660 2643 802 2683 maluit
832 2643 1019 2683 codicum
1050 2643 1384 2693 interpolatorum
1422 2642 1650 2691 lectionem,
1691 2654 1796 2694 quae
1834 2645 1897 2682 est
1935 2653 2082 2690 omnesy
2117 2641 2183 2681 ille
2220 2644 2388 2680 secutus
2423 2644 2487 2679 est

143 2699 371 2739 Marklandi
402 2700 485 2739 und
516 2699 737 2739 Heinrichii
758 2700 1039 2740 coniecturam
1070 2698 1192 2738 alnis.
1232 2699 1312 2739 Sed
1343 2700 1574 2738 intermissa
1594 2699 1848 2750 quaestione,
1870 2703 2006 2737 utrum
2035 2710 2137 2748 opus
2168 2698 2222 2736 sit
2248 2697 2487 2736 coniectura

144 2768 288 2805 necne,
333 2757 369 2796 si
413 2756 655 2796 coniicimus
701 2755 824 2804 ulnis,
863 2755 941 2796 hoc
980 2754 1179 2795 vocabulo
1216 2756 1283 2806 qui
1321 2755 1458 2805 legunt
1494 2755 1752 2802 inducuntur,
1794 2759 1838 2794 ut
1868 2752 1993 2794 verba
2021 2752 2094 2794 hos
2123 2752 2237 2803 fovet
2264 2753 2486 2803 separatim

141 2812 357 2863 accipiant.
429 2811 483 2852 At
528 2823 653 2852 unum
698 2813 739 2851 in
783 2812 1047 2853 enunciatum
1089 2812 1292 2861 iungenda
1336 2823 1427 2851 esse
1470 2811 1597 2850 verba
1634 2810 1708 2850 laos
1727 2810 1850 2860 fovet
1878 2809 2130 2861 involvi-tque
2158 2808 2255 2849 sina
2291 2808 2355 2848 vel
2391 2811 2486 2848 inde

140 2873 323 2919 apparet,
361 2869 469 2921 quod
498 2869 706 2909 enunciati
741 2880 836 2919 pars
865 2868 996 2908 altera
1026 2868 1258 2917 adiungitur
1296 2868 1494 2917 particula
1524 2880 1610 2917 que.
1663 2866 1838 2907 Maxime
1878 2870 2027 2914 autem,
2073 2871 2117 2906 ut
2154 2864 2358 2916 iungenda
2392 2877 2486 2906 esse

142 2925 269 2965 verba
298 2925 367 2965 illa
396 2936 655 2973 censeamuS,
686 2929 836 2973 movet,
869 2924 979 2976 quod
1008 2923 1184 2963 infantes
1215 2936 1240 2962 a
1271 2923 1450 2964 Fortuna
1479 2936 1560 2964 non
1592 2923 1719 2964 foveri
1753 2927 1865 2974 patet
1893 2922 1970 2962 nisi
1996 2922 2084 2973 ipsa
2114 2921 2345 2962 involvendi
2371 2933 2484 2971 cura,

144 2987 188 3021 ut
208 2980 331 3031 fovet
359 2980 617 3032 involvitque
643 2981 741 3022 sinu
771 2982 879 3021 idem
908 2982 962 3020 sit
989 2992 1039 3020 ac
1060 2979 1183 3029 ,fovet
1202 2979 1412 3020 involvens
1441 2980 1548 3020 sinu.
1587 2979 1743 3020 Similia
1763 2979 1870 3030 apud
1886 2978 2120 3029 Vergilium,
2142 2990 2263 3029 quem
2283 2978 2486 3018 imitatum

143 3049 235 3077 esse
256 3037 488 3077 Iuvenalem
509 3039 611 3078 satis
632 3042 809 3087 constat,
840 3037 948 3077 haud
969 3048 1063 3077 raro
1095 3037 1366 3085 inveniuntur,
1398 3037 1509 3077 velut
1537 3036 1634 3076 Aen.
1657 3036 1684 3075 l.
1702 3036 1787 3075 480
1814 3035 1931 3075 ibant
1961 3034 2141 3075 crinibus
2162 3033 2325 3074 Iliades
2344 3033 2486 3084 passis

133 3093 383 3144 peplumque
411 3093 611 3143 serebant
653 3095 676 3133 i.
707 3105 741 3133 e.
771 3093 933 3144 peplum
969 3093 1158 3133 serentes.
1219 3092 1429 3132 Vocabulo
1472 3097 1609 3133 autem
1647 3104 1784 3132 omnes
1823 3091 1941 3132 facile
1979 3102 2180 3140 caremus
2219 3102 2312 3130 cum
2349 3089 2484 3131 verbis

140 3148 213 3187 hos
242 3162 381 3191 omnes
411 3149 535 3190 nihilo
566 3149 656 3202 plus
687 3149 848 3191 dicatur
878 3161 1000 3201 quam
1031 3162 1113 3190 uno
1145 3147 1345 3190 vocabulo
1374 3147 1458 3189 hos.
