2640 3438
1309 250 1362 290 17

358 382 468 425 Satis
496 384 575 426 erit
602 382 808 425 addidisse
836 381 1067 424 Iuvenalem
1095 383 1175 424 bac
1204 394 1365 436 quoque
1384 384 1426 424 in
1445 393 1491 424 re
1515 382 1745 434 aequalium
1765 382 2012 422 simillimum
2031 380 2155 422 fuisse
2174 392 2306 433 neque
2325 381 2487 423 silentio

163 440 261 492 quid
287 440 459 482 sentiret
486 439 762 503 praeteriisse:
791 437 934 480 confer
961 439 998 480 si
1024 438 1161 490 placet
1187 438 1218 489 1,
1248 438 1304 479 24
1332 451 1386 480 ss.
1415 438 1471 480 99
1499 450 1553 478 ss.
1583 437 1645 486 111,
1675 437 1730 479 58
1759 450 1814 478 ss.
1845 436 1899 479 69
1928 450 1984 478 ss.
2012 437 2063 478 81
2095 450 2149 478 ss.
2174 436 2239 486 1v,
2269 437 2323 477 32
2342 450 2374 478 s.
2404 437 2487 478 lam

158 494 378 538 Caeni-em
406 494 605 537 barbaros
632 494 676 536 in
704 494 860 536 curiam
887 493 1053 536 duxisse
1080 498 1224 536 notum
1252 499 1335 545 est;
1368 505 1450 547 qua
1468 493 1520 536 de
1544 504 1590 536 re
1624 492 1899 535 Mommsenus
1928 492 1987 544 (R.
2017 491 2063 535 G.
2091 492 2160 534 111⁶
2187 505 2227 546 p.
2252 491 2351 546 489)
2385 493 2488 535 haec

157 549 1495 658 ffiffis.⁰,”2m⁸¹..1zt·.02.⁰‘tl.⁶⁰sz.⁰„?35⁰;.3⁶&limittit
1507 549 2075 647 ῗιῗέἳέῗῗῗῗεῖθῗᾶἒζέἔῖ
2093 549 2490 646 &5²32ssssssssss

157 663 300 704 lernen
328 663 484 713 hatten,
504 660 668 703 Soehne
695 673 778 702 von
806 660 1123 712 freigelassenen
1143 661 1298 702 Leuten
1326 661 1428 702 oder
1455 673 1537 702 von
1566 660 1749 709 soleben,
1780 661 1845 700 die
1873 660 2169 701 unehrenhafte
2188 659 2387 701 Gewerbe
2415 659 2488 700 be-

157 717 328 760 trieben.
383 717 484 759 Post
510 716 731 759 Caesarem
756 716 1060 770 imperatores1)
1079 717 1209 769 magis
1228 718 1439 769 magisque
1458 716 1668 757 libertinos
1688 721 1730 756 et
1748 716 2019 767 provinciales
2038 715 2091 756 ad
2110 728 2292 757 summos
2312 716 2490 756 honores

158 774 412 825 promovisse
445 776 626 815 constat:
664 771 806 813 confer
844 771 975 813 Taciti
1009 773 1143 814 annal.
1177 770 1275 814 xm.
1309 772 1363 813 27
1398 771 1549 824 quippe
1583 771 1667 812 late
1699 770 1841 821 fusum
1875 771 1920 811 id
1955 784 2102 834 corpus
2136 773 2174 822 (i.
2210 783 2245 812 e.
2280 771 2490 812 libertinos

157 828 331 871 Neronis
354 828 538 881 aetate).
607 860 615 869 .
658 827 854 879 plurimis
874 827 1066 879 equitum,
1079 828 1291 880 plerisque
1308 827 1568 869 senatoribus
1586 840 1669 868 non
1689 827 1860 868 aliunde
1879 827 2080 879 oriyinem
2102 827 2233 868 trahi.
2263 828 2301 868 si
2319 840 2490 878 separa-

155 887 305 927 rentur
331 883 527 935 libertini,
553 859 819 948 manifestam
846 882 939 934 fore
960 883 1182 935 penuriam
1209 883 1494 937 inqenuorum.

358 940 403 983 ln
431 941 492 983 eis
519 944 671 991 autem,
701 940 770 993 qui
797 940 993 993 imprimis
1027 940 1165 982 odium
1199 945 1242 982 et
1271 940 1464 984 invidiam
1498 939 1775 981 Romanorum
1811 943 2036 989 moverant,
2073 938 2235 981 fuerunt
2271 937 2386 981 Galli.
2446 939 2488 981 ld

157 1008 300 1039 verum
337 1008 430 1039 esse
467 1009 491 1038 e
529 996 689 1038 duobus
719 995 904 1038 Suetonii
937 996 1041 1038 locis
1077 997 1224 1047 elucet,
1262 998 1332 1049 qui
1367 1001 1464 1038 sunt
1496 997 1538 1037 in
1574 997 1658 1037 vita
1698 994 1887 1037 Caesaris
1921 1007 2010 1048 cap.
2046 996 2119 1036 76:
2160 998 2199 1036 et
2233 996 2434 1047 quosdam
2470 1009 2492 1036 e

138 1052 448 1094 ‘semibarbaris
492 1052 708 1094 Gallorum
748 1052 901 1105 recepit
936 1051 984 1093 in
1023 1052 1206 1103 curiam,·
1244 1057 1287 1095 et
1326 1060 1415 1105 cap.
1453 1052 1509 1093 80
1541 1051 1777 1104 pereqrinis
1815 1052 1862 1093 in
1902 1055 2091 1093 senatum
2132 1051 2290 1092 allectis
2331 1051 2491 1093 libellus

152 1109 392 1162 propositus
407 1112 483 1150 est:
505 1108 670 1151 Bonum
686 1107 863 1159 factum:
876 1120 929 1149 ne
942 1108 1036 1160 quis
1049 1107 1247 1150 Senator-i
1260 1121 1365 1150 novo
1380 1108 1538 1150 curiam
1552 1111 1784 1149 monstrare
1798 1108 1897 1149 velit
1906 1121 1921 1158 ,·
1937 1110 1976 1149 et
1988 1107 2062 1149 illa
2077 1108 2197 1160 vulgo
2213 1108 2491 1150 canebantur:

697 1163 840 1206 Gallos
872 1162 1028 1205 Caesar
1055 1164 1102 1206 in
1131 1163 1383 1216 triumphum
1409 1164 1534 1215 ducit,
1562 1164 1669 1204 idem
1697 1164 1744 1205 in
1772 1163 1946 1214 curiam,

696 1220 811 1261 Galli
836 1220 982 1261 bracas
1008 1220 1295 1272 deposuerunt,
1323 1220 1455 1262 latum
1483 1220 1643 1261 clavum
1670 1223 1945 1271 sumpserunt.

359 1276 449 1328 lpse
483 1275 682 1318 luvenalis
714 1279 791 1317 sat.
820 1275 848 1326 Ι,
887 1275 966 1317 109
994 1287 1120 1318 unum
1147 1288 1200 1318 ex
1236 1277 1296 1318 eis
1335 1277 1377 1317 in
1414 1286 1610 1317 scaenam
1646 1275 1848 1327 producit,
1888 1275 2072 1317 Licinum
2110 1275 2326 1327 quendam,
2367 1288 2489 1328 quem

158 1330 313 1375 Caesar
340 1343 377 1386 e·
394 1330 525 1374 Gallia
558 1343 721 1373 servum
756 1343 898 1373 secum
931 1331 1114 1373 duxerat.
1170 1331 1323 1373 Postea
1347 1332 1621 1373 manumissus
1655 1335 1698 1373 et
1732 1332 1933 1373 curationi
1963 1329 2185 1373 Galliarum
2218 1331 2272 1372 ab
2302 1331 2486 1384 Augusto

157 1387 388 1484 praefegtus
415 1399 488 1430 eas
517 1388 719 1440 spoliavit,
748 1392 793 1428 ut
822 1386 962 1428 Crassi
990 1400 1090 1439 opes
1119 1388 1336 1429 exhaurire
1363 1388 1567 1428 diceretur
1586 1392 1629 1427 et
1650 1387 1814 1427 divitiae
1838 1388 1926 1427 eius
1946 1388 1988 1427 in
2009 1387 2268 1437 proverbium
2289 1389 2487 1437 venirent,

158 1443 266 1485 unde
328 1444 461 1485 ersius
488 1442 534 1494 11,
563 1442 619 1484 36

690 1510 802 1540 nunc
830 1497 973 1540 Isicini
999 1498 1047 1540 in
1075 1510 1250 1552 campos,
1277 1511 1389 1541 nunc
1422 1496 1564 1539 Crassi
1591 1497 1720 1539 mittit
1747 1497 1793 1538 in
1824 1497 1949 1538 aedis.

359 1567 498 1619 ltaque
526 1577 621 1607 cum
649 1566 704 1606 ab
730 1567 846 1606 initio
874 1578 926 1606 ex
954 1568 1028 1616 eis,
1058 1567 1127 1618 qui
1154 1567 1346 1607 invidiam
1374 1570 1602 1615 moverant,
1631 1566 1828 1617 imprimis
1857 1565 1962 1606 Galli
1990 1566 2100 1606 Italis
2134 1566 2229 1606 odio
2264 1566 2413 1607 tuerint
2447 1572 2489 1607 et

159 1623 238 1665 hoc
266 1622 372 1673 loco,
401 1622 472 1665 ubi
499 1622 551 1664 de
578 1622 723 1664 incolis
750 1621 922 1663 aliarum
950 1622 1251 1675 provinciarum
1270 1621 1477 1664 Gallorum
1506 1621 1719 1663 simillimis
1749 1622 1895 1673 agitur,
1924 1622 2057 1673 patria
2084 1622 2255 1663 istorum
2280 1622 2489 1664 hominum

158 1679 384 1731 appelletur
412 1678 547 1719 altera
568 1676 732 1718 Gallia:
762 1678 858 1729 quid
887 1679 973 1718 veri
1000 1678 1169 1718 similius
1198 1683 1275 1729 est,
1305 1690 1428 1730 quam
1456 1677 1675 1729 significari
1703 1678 1767 1717 his
1796 1677 1932 1717 verbis
1961 1682 2112 1719 terram
2132 1676 2288 1718 Galliae
2317 1679 2490 1719 similem

158 1739 201 1777 et
227 1733 405 1787 dignam,
434 1745 541 1787 quae
567 1738 734 1787 propter
760 1733 918 1776 incolas
947 1737 1206 1787 comparetur
1233 1746 1327 1776 cnm
1356 1735 1446 1787 ipsa
1474 1732 1618 1785 Gallia,
1644 1733 1753 1777 unde
1781 1738 1980 1775 venerant
2008 1732 2181 1775 Romam
2210 1737 2273 1776 tot
2300 1734 2489 1776 homines

157 1791 424 1844 nequissimi?
473 1789 604 1832 Certe
633 1790 805 1831 concedi
832 1795 968 1842 potest
996 1791 1100 1831 haec
1129 1791 1361 1842 explicatio,
1381 1802 1476 1831 cum
1495 1801 1573 1831 nec
1592 1791 1798 1842 discrepet
1817 1801 1912 1830 cum
1930 1790 2009 1830 fide
2029 1790 2238 1839 historica,
2259 1801 2337 1831 nec
2356 1791 2492 1831 aliena

154 1848 209 1888 sit
236 1858 263 1887 a
291 1857 482 1888 sermone
509 1847 649 1887 latino.
705 1846 809 1887 Nam
839 1846 1083 1887 vocabulum
1112 1846 1219 1887 alter
1246 1848 1510 1888 coniunctum
1535 1859 1628 1887 cnm
1648 1845 1879 1887 nominibus
1898 1846 2153 1897 appellativis
2173 1847 2239 1886 vel
2258 1847 2492 1888 nominibus

153 1902 327 1955 propriis
355 1901 598 1955 appellative
625 1902 770 1953 positis
797 1902 905 1944 idem
933 1901 1071 1943 valere
1099 1906 1223 1954 atque
1250 1901 1400 1943 similis
1426 1902 1615 1954 idemque
1642 1913 1737 1942 esse
1765 1901 1875 1954 quod
1904 1905 2088 1942 nostrum
2116 1901 2184 1942 ein
2203 1901 2393 1948 anderer,
2423 1902 2491 1943 ein

153 1957 332 2008 zweiter,
360 1962 406 1999 ut
434 1958 476 1999 in
503 1957 778 2000 locutionibus
807 1958 886 1999 illis
914 1958 1192 1999 usitatissimis
1222 1958 1328 1999 alter
1364 1957 1520 2008 Verres,
1549 1957 1655 1999 alter
1668 1957 1883 2007 Romulus,
1913 1957 2020 1999 alter
2049 1956 2181 2007 Mars,
2210 1959 2317 1999 inter
2345 1970 2489 1999 omnes

98 2018 328 2055 „constat
357 2012 677 2055 Commendatur
694 2018 832 2055 autem
852 2014 1069 2067 explicatio
1088 2025 1153 2065 eo,
1173 2014 1282 2068 quod
1301 2014 1438 2055 evadit
1456 2015 1661 2055 sententia
1674 2014 1794 2066 plane
1808 2015 1976 2054 satirica
1995 2013 2184 2054 Iuvenale
2203 2025 2288 2055 non
2306 2014 2491 2066 indigna:

154 2070 237 2111 noli
274 2071 423 2111 imitari
459 2069 618 2122 equites
656 2069 832 2111 Asianos
869 2069 1137 2122 Cappadoces
1174 2070 1383 2123 Bithynos,
1421 2071 1490 2122 qui
1528 2070 1646 2111 nudis
1683 2070 1854 2122 pedibus
1892 2082 1916 2111 e
1956 2071 2176 2122 provinciis
2210 2070 2289 2111 illis
2318 2069 2489 2120 Galliae,

154 2129 216 2167 tot
257 2126 439 2178 equitum
481 2124 749 2167 barbarorum
792 2126 963 2178 patriae,
1007 2126 1220 2168 simillimis
1263 2126 1436 2168 Romam
1478 2127 1708 2167 transmissi
1750 2126 1868 2166 malis
1910 2125 2068 2167 artibus
2108 2137 2133 2168 e
2173 2127 2304 2167 servis
2345 2126 2492 2169 divites

155 2180 395 2234 nobilesque
423 2181 521 2222 tacti
549 2186 655 2222 sunt.

355 2237 414 2277 Ex
451 2236 639 2278 omnibus
677 2238 798 2288 igitur
834 2236 1155 2281 dubitationibus
1193 2237 1392 2289 reliquum
1428 2242 1493 2278 est
1530 2250 1655 2278 unum
1693 2237 1885 2278 mendum
1925 2238 2023 2278 illud
2058 2238 2113 2278 ad
2151 2249 2238 2278 rem
2276 2239 2488 2278 metricam

156 2293 378 2344 pertinenS,
408 2292 516 2344 quod
545 2292 587 2332 in
606 2292 807 2333 vocabulo
827 2290 1005 2343 Bithyni
1023 2293 1199 2344 positum
1220 2303 1313 2334 esse
1332 2304 1453 2334 nemo
1473 2292 1650 2344 negabit,
1671 2304 1765 2334 cum
1784 2293 1838 2333 ad
1857 2292 2153 2334 defendendam
2173 2293 2280 2333 hanc
2300 2293 2488 2334 vocabuli

154 2359 389 2389 mensuram
417 2348 516 2389 nibil
543 2348 768 2399 praebeant
785 2347 987 2389 Iuvenalis
1015 2349 1244 2401 earmina2).
1292 2347 1374 2391 Sed
1402 2348 1554 2390 detecti
1581 2349 1781 2390 eiusmodi
1809 2349 1947 2390 mendi
1975 2349 2212 2400 quaerenda
2229 2353 2294 2389 est
2313 2350 2487 2389 sanatio.

155 2403 206 2445 Et
234 2407 408 2446 conatus
436 2408 500 2445 est
528 2402 728 2446 medelam
756 2403 850 2445 loco
869 2402 1029 2446 adferre
1047 2401 1092 2445 C.
1111 2403 1153 2444 F.
1173 2403 1430 2445 Hermannus
1449 2403 1518 2458 (de
1538 2403 1655 2445 codd.
1675 2403 1755 2445 Iuv.
1775 2416 1813 2457 p.
1836 2404 1901 2455 19,
1923 2403 1994 2449 cfr
2013 2403 2139 2457 praef.
2157 2404 2253 2445 edit.
2270 2416 2307 2457 p.
2327 2403 2485 2457 XXV1),

155 2465 198 2500 et
233 2461 293 2501 ita
330 2460 492 2512 quidem
521 2465 568 2500 ut
598 2459 777 2510 Bithyni
804 2465 846 2501 et
881 2459 1033 2500 Asiani
1065 2460 1181 2501 locos
1215 2465 1433 2501 mutarent.
1490 2460 1637 2501 Levior
1669 2466 1734 2500 est
1779 2460 1990 2501 Francisci
2027 2460 2233 2501 Volcmari
2273 2460 2485 2501 Fritzschii

153 2516 466 2571 transpositio⁸),
500 2516 569 2570 qui
608 2515 796 2559 voculam
842 2527 921 2568 que
947 2515 989 2558 in
1017 2514 1228 2569 codicibus
1257 2516 1520 2559 coniunctam
1547 2527 1643 2558 cum
1663 2528 1779 2568 voce,
1809 2528 1915 2570 quae
1934 2520 1999 2559 est
2019 2515 2183 2569 equites,
2211 2515 2481 2558 adiiciendam

156 2572 354 2613 censebat
380 2572 582 2613 vocabulo
611 2571 788 2622 faciunt,
815 2577 862 2613 ut
889 2573 994 2613 haec
1022 2565 1267 2613 hemistichii
1294 2573 1427 2613 forma
1454 2573 1619 2613 evadat:
1650 2573 1894 2624 faciantque
1923 2573 2077 2623 equites
2099 2572 2286 2622 Bithyni.

357 2626 510 2670 Versus
538 2628 660 2680 igitur
692 2627 855 2670 13-16
882 2632 997 2670 recte
1025 2627 1206 2670 scribere
1233 2629 1332 2670 mihi
1360 2628 1503 2671 videor
1529 2629 1604 2670 ita:

678 2683 767 2725 Hoc
795 2685 925 2725 satius
954 2695 1077 2737 quam
1104 2684 1141 2725 si
1168 2684 1284 2726 dicas
1312 2684 1390 2726 sub
1417 2684 1553 2726 iudice
1582 2684 1720 2735 ‚,vidi“

679 2740 788 2791 quod
816 2752 900 2782 non
927 2741 1077 2790 vidisti,
1105 2740 1260 2781 faciant
1285 2741 1446 2793 equites
1474 2740 1616 2781 Asiani

680 2807 926 2850 quamquam
953 2800 994 2838 et
1025 2794 1305 2850 Cappadoces,
1333 2795 1568 2849 faciantque
1594 2796 1756 2849 equites
1784 2794 1960 2849 Bithyni,

677 2852 810 2893 altera
836 2864 941 2904 quos
968 2852 1079 2893 nudo
1106 2853 1285 2893 traducit
1313 2851 1446 2894 Gallia
1474 2853 1570 2893 talo.

356 2906 471 2958 Quae
485 2906 687 2960 scriptura
702 2912 744 2949 et
757 2907 1069 2960 interpungendi
1081 2909 1188 2950 ratio
1201 2908 1368 2961 insuper
1382 2907 1692 2972 commendatur
1711 2918 1884 2950 caesura
1903 2913 1943 2949 et
1965 2906 2179 2948 verborum
2200 2906 2488 2956 collocatione,

156 2973 261 3040 quae
290 2963 492 3003 simillima
520 2965 575 3004 sit
602 2965 739 3005 versui
771 2964 851 3005 198
879 2965 1033 3005 satirae
1060 2969 1205 3006 sextae

359 3074 474 3136 ¹)cfr.
498 3075 751 3110 Friedlaender
775 3076 809 3109 S.
834 3075 875 3108 R.
899 3074 938 3117 1⁶,
962 3085 994 3119 p.
1019 3075 1064 3110 74
1086 3086 1127 3117 s.‚
1150 3076 1205 3118 87,
1229 3076 1297 3110 200
1319 3087 1378 3118 ss,
1402 3076 1470 3109 250
1493 3086 1540 3109 ss.

359 3117 385 3162 ¹)
408 3117 462 3161 VI,
485 3119 552 3154 167
574 3119 781 3162 mutinam,
804 3118 828 3163 1,
851 3120 894 3154 51
920 3123 956 3155 et
978 3120 1073 3165 apud
1097 3123 1238 3156 ceteros
1261 3120 1472 3163 venusinam
1497 3119 1651 3155 correxit
1675 3119 1727 3161 vl,
1754 3118 1816 3152 167
1840 3118 2036 3154 Buecheler
2061 3118 2096 3152 in
2127 3116 2357 3151 Venustinam.

360 3163 385 3206 ³)
408 3172 522 3207 nuper
545 3175 568 3199 a
590 3147 828 3199 Buechelero
834 3175 974 3208 quoque
996 3165 1190 3209 proposita.

2263 3228 2285 3262 3
