2640 3438
1306 222 1359 275 10

157 365 359 417 quaerant
389 366 497 418 quod
527 366 706 417 diligant.
765 365 906 417 Itaque
936 367 1123 417 quotiens
1155 367 1270 408 cluso
1299 368 1461 408 theatro
1493 366 1682 407 abierunt
1710 366 1943 416 histrioneS,
1974 366 2219 408 desiderium
2248 366 2349 417 eius,
2380 377 2500 419 quem

154 419 381 471 amant,‘et
410 422 617 462 tristitiam
647 422 833 472 mitigare
863 422 1028 462 student
1049 426 1238 463 tenentes
1259 425 1453 464 scaenica
1472 424 1559 463 eius
1581 426 1836 471 ornamenta,
1859 434 2077 473 personam
2101 423 2285 475 thyrsum
2305 422 2496 475 subligar.

151 478 265 519 Aelia
308 490 462 529 pauper
505 478 633 529 diligit
677 477 869 519 Urbicum
913 478 1165 519 exodiarium
1209 480 1303 529 (71),
1348 485 1444 520 311111
1486 490 1591 532 quae
1636 477 1945 531 Chrysogonum
1989 479 2270 519 citharoedum
2315 483 2484 520 cantare

150 538 290 574 vetent
319 534 417 585 (73),
448 534 631 585 Hispulla
660 534 856 585 tragoedo
887 535 1037 584 gaudet
1066 535 1159 586 (74).
1228 536 1342 586 Quae
1381 548 1475 576 cum
1509 538 1567 575 ita
1602 537 1695 584 sint,
1732 534 1901 575 uxorem
1937 535 2086 575 ducere
2117 536 2184 587 qui
2214 536 2393 575 animum
2423 537 2485 575 in-

150 590 308 630 duxerit
346 594 512 641 paratus
548 595 638 632 esto
674 591 863 641 accipere
900 603 1081 640 uxorem,
1120 604 1142 632 e
1179 605 1260 643 qua
1296 605 1377 632 non
1414 594 1500 643 ipse
1534 597 1651 643 pater
1689 592 1770 639 siat,
1808 592 1881 631 sed
1911 591 2064 632 Echion
2101 591 2362 632 citharoedus
2405 592 2490 641 (76)

156 647 219 686 vel
249 645 477 698 Glaphyrus
508 647 659 687 tibicen
691 646 777 700 (77)
808 647 871 687 vel
902 646 1142 688 Ambrosius
1173 649 1388 689 choraules
1419 649 1506 702 (77)
1537 649 1600 689 νο1
1630 648 1826 700 Euryalus
1857 647 2058 698 gladiator
2088 647 2182 700 (81).

358 713 491 762 Patet,
523 726 616 753 cum
648 715 687 753 in
719 714 867 753 ceteris
896 714 1081 764 partibus
1111 715 1293 765 singulis,
1325 715 1510 755 versibus
1542 716 1606 756 63.
1628 716 1692 755 71.
1715 715 1778 755 73.
1800 715 1864 754 74.
1887 715 1948 754 77.
1972 715 2038 763 81,
2070 715 2235 754 1101111118
2255 715 2498 755 histrionum

154 769 408 821 aliorumque
449 769 649 809 artificum
689 769 823 820 posita
852 770 945 819 sint,
982 792 1031 799 -
1072 771 1197 810 etiam
1226 771 1276 819 ei,
1308 782 1429 822 quem
1460 772 1656 811 comitata
1684 775 1748 812 est
1777 770 1902 822 Eppia
1932 769 2032 822 (82),
2063 769 2168 810 infra
2196 781 2346 810 nomen
2375 770 2496 811 datur

154 825 319 876 Sergius
350 825 449 878 (105
480 830 521 865 et
555 825 649 877 112)
685 849 748 873 -,
782 826 822 864 111
853 827 1156 877 septuagesimo
1193 838 1355 878 quoque
1385 838 1506 866 versu
1536 839 1685 867 nomen
1715 827 1917 879 quoddam
1947 826 2142 878 scriptum
2173 825 2309 866 fuisse.
2366 826 2498 877 Quam

155 881 208 921 ob
228 880 517 934 rem’plerique
539 894 631 922 eum
658 881 870 921 codicibus
897 883 1154 933 interpolatis
1175 889 1216 923 et
1237 884 1515 933 grammaticis
1537 883 1777 934 quibusdam
1798 883 2009 924 ediderunt
2029 883 2138 934 quod
2158 894 2282 933 supra
2302 884 2498 934 scriptum

155 943 219 978 est
258 937 429 988 „Acci“,
471 950 551 990 quo
591 939 754 977 nomine
794 938 937 978 histrio
983 939 1147 990 quidam
1186 938 1493 989 significaretur.
1561 938 1643 979 Sed
1683 939 1714 979 P
1759 939 1921 979 exhibet
1959 940 1999 978 in
2038 950 2182 978 rasura
2211 949 2335 978 manu
2369 939 2499 980 altera

154 996 350 1044 scriptum
382 1007 493 1043 aene,
523 999 608 1033 tum
641 994 751 1042 actii,
781 999 866 1033 tum
899 995 981 1033 aeti
1011 999 1052 1033 et
1082 996 1123 1034 in
1154 996 1344 1035 lemmate
1374 995 1517 1034 scholii
1548 1000 1612 1034 est
1642 1008 1742 1035 acne
1780 996 1931 1035 iactum
1962 1008 2011 1035 ex
2040 1007 2195 1034 rasura.
2263 993 2426 1035 Codicis
2466 994 2496 1033 P

154 1051 326 1101 vestigia
355 1053 522 1090 secutus
552 1048 801 1089 Ribbeckius
832 1051 1009 1090 coniecit
1041 1049 1195 1100 Haqm'.

357 1121 415 1162 De
454 1120 680 1161 scribendis
722 1122 761 1161 in
792 1121 993 1162 Iuvenalis
1024 1123 1160 1162 satiris
1191 1121 1421 1162 nominibus
1451 1122 1624 1173 propriis
1666 1134 1771 1173 quae
1801 1122 1990 1162 dicuntur
2019 1135 2143 1174 saepe
2173 1121 2405 1162 difficillima
2435 1126 2498 1162 031

156 1179 355 1230 quaestio,
396 1178 638 1230 praesertim
678 1177 712 1218 si
750 1178 856 1229 apud
898 1190 1022 1218 unum
1064 1178 1294 1220 Iuvenalem
1325 1178 1444 1230 idque
1474 1190 1556 1218 uno
1587 1178 1679 1219 loco
1709 1179 1875 1218 nomina
1904 1179 2175 1228 inveniuntur,
2205 1179 2315 1219 velut
2345 1178 2370 1218 I.
2401 1177 2426 1218 2
2457 1179 2497 1218 111

155 1235 186 1273 P
216 1236 411 1285 scriptum
448 1238 512 1273 est
538 1233 677 1282 Cordi,
706 1235 747 1273 in
777 1246 803 1285 p
832 1252 864 1274 ω
895 1234 1020 1282 codri,
1053 1235 1316 1285 quamobrem
1347 1235 1521 1273 conlatis
1551 1234 1737 1273 versibus
1767 1234 1824 1273 111.
1848 1235 1928 1274 203
1959 1239 2000 1274 et
2029 1235 2110 1274 208
2137 1235 2496 1274 Haeckermannus

154 1291 319 1343 scripsit
354 1288 491 1331 Codri.
560 1288 723 1342 Optimo
763 1295 901 1331 autem
932 1291 1018 1331 iure
1049 1292 1187 1339 ceteri,
1219 1302 1311 1331 cum
1344 1302 1476 1343 neque
1507 1291 1596 1342 quis
1627 1291 1679 1331 sit
1710 1288 1881 1340 Cordus,
1913 1303 2044 1343 neque
2074 1292 2164 1343 quis
2195 1289 2364 1339 Codrus,
2396 1291 2497 1331 satis

155 1352 329 1396 constet,
361 1348 574 1387 Pithoeani
605 1348 894 1387 auctoritatem
925 1348 1056 1387 secuti
1086 1352 1301 1387 servarunt
1331 1348 1551 1386 lectionem
1587 1345 1722 1387 Cordi.
1782 1346 1931 1387 Similis
1961 1348 2075 1388 locus
2106 1353 2168 1387 est
2200 1347 2276 1387 Vll.
2307 1346 2398 1397 132,
2429 1347 2498 1387 ubi

154 1404 321 1445 codices
358 1403 511 1444 habent
549 1402 719 1443 iuvenes
758 1403 877 1454 lonqo
907 1403 1060 1453 premit
1090 1415 1227 1443 assere
1257 1403 1413 1451 Medos,
1454 1403 1526 1443 sed
1558 1403 1715 1453 Lipsius
1757 1403 1895 1455 (Epist.
1927 1403 2092 1453 Quaest.
2120 1403 2181 1443 lV.
2213 1404 2283 1455 25)
2324 1403 2498 1444 conlatis

155 1459 343 1500 versibus
382 1459 445 1499 IX.
480 1459 560 1499 142
599 1472 686 1510 squ.
726 1458 904 1500 scribere
945 1459 1086 1498 maluit
1121 1458 1296 1498 Moesos,
1359 1459 1485 1498 Recte
1522 1458 1782 1499 scribendum
1822 1470 1914 1499 0330
1953 1459 2125 1499 Maedos
2167 1460 2320 1510 primus
2360 1459 2499 1499 docuit

157 1515 202 1556 G.
232 1515 275 1555 E.
297 1514 521 1556 Weberus:
565 1520 660 1555 sunt
696 1516 803 1555 enim
840 1514 975 1555 Maedi
1011 1515 1210 1554 Thraciae
1248 1514 1433 1565 populus,
1476 1514 1515 1553 id
1555 1515 1664 1565 quod
1704 1515 1783 1554 iam
1822 1515 1922 1554 vidit
1956 1515 2186 1566 Rupertius,
2217 1515 2289 1555 sed
2319 1514 2499 1566 neglexit

156 1572 390 1622 suspicatus
426 1571 687 1611 scribendum
732 1581 823 1610 esse
869 1570 1041 1610 Moesos.
1113 1570 1254 1621 Neque
1298 1571 1431 1610 minus
1475 1569 1732 1610 Heinrichius
1776 1571 1818 1610 in
1863 1572 2156 1611 commentario
2195 1571 2354 1611 censuit
2391 1571 2497 1610 118110

156 1629 402 1679 scripturam
433 1639 526 1667 esse
555 1626 875 1678 praeferendam.
934 1626 1033 1667 Item
1073 1626 1349 1665 difficillimum
1389 1626 1612 1666 diiudicatu
1650 1630 1727 1675 est,
1768 1626 1972 1677 quomodo
2012 1627 2271 1667 scribendum
2310 1627 2363 1666 sit
2393 1626 2493 1666 XIV.

157 1683 211 1724 86
241 1687 282 1723 01
312 1683 379 1732 92,
412 1694 493 1734 qua
522 1682 572 1722 de
602 1694 646 1723 re
676 1682 768 1722 vide
798 1683 854 1722 sis
885 1681 1097 1722 Biicheleri
1128 1687 1371 1733 apparatum
1403 1683 1590 1722 criticum
1622 1683 1660 1722 in
1692 1686 1866 1734 utraque
1896 1682 2085 1724 editione.

359 1755 440 1796 Sed
477 1755 554 1795 hoc
592 1755 683 1794 loco
719 1753 893 1794 nominis
930 1755 1082 1804 proprii
1122 1754 1293 1794 formam
1330 1766 1461 1805 neque
1497 1755 1673 1805 optimus
1710 1754 1841 1794 codex
1875 1753 2044 1804 praebet
2074 1766 2205 1807 neque
2233 1767 2378 1795 manus
2408 1757 2494 1796 eius

156 1811 428 1859 emendatrix;
459 1811 647 1851 codicum
678 1821 775 1850 vero
806 1810 1053 1850 deteriorum
1084 1809 1206 1850 lectio
1227 1810 1389 1850 fulcitur
1409 1812 1782 1861 grammaticorum,
1804 1821 1906 1861 quos
1930 1822 2053 1861 supra
2074 1812 2495 1860 commemoravimus,

156 1869 402 1908 testimonio.
470 1867 584 1917 Quae
624 1879 715 1906 cum
752 1867 810 1906 ita
848 1867 941 1915 sint,
982 1871 1053 1906 aut
1083 1867 1318 1917 recipienda
1348 1871 1412 1906 est
1441 1867 1544 1906 haec
1575 1867 1762 1907 codicum
1793 1867 1993 1907 minorum
2023 1867 2159 1916 lectio,
2190 1872 2261 1907 aut
2290 1879 2312 1906 0
2343 1867 2495 1907 0οᾱ1013

154 1924 186 1963 P
215 1926 417 1975 scriptura
447 1923 607 1963 videtur
637 1924 874 1963 coniectura
904 1923 1217 1974 dispiciendum:
1253 1927 1387 1962 utrum
1419 1935 1558 1963 verum
1589 1924 1654 1972 sit,
1685 1935 1768 1963 non
1797 1922 1916 1963 facile
1947 1923 2035 1974 quis
2056 1922 2212 1964 dixerit.
2248 1921 2367 1963 Certe
2388 1923 2494 1974 quod

155 1981 332 2021 coniecit
361 1979 608 2020 Ribbeckius
640 1978 826 2030 „Hagni“
857 1990 1000 2030 parum
1031 1979 1191 2019 videtur
1220 1979 1306 2019 veri
1336 1979 1464 2019 simile
1495 1990 1600 2019 esse.
1656 1979 1760 2018 Nam
1799 1979 1891 2028 hoc,
1925 1979 1975 2019 de
2006 1991 2086 2031 quo
2116 1980 2261 2031 agitur,
2292 1979 2384 2019 loco
2414 1991 2495 2020 non

155 2038 486 2077 commenticium
516 2047 679 2084 nomen,
720 2036 805 2084 sed,
843 2047 936 2074 cum
973 2036 1014 2073 in
1051 2037 1198 2075 ceteris
1234 2036 1378 2074 horum
1409 2047 1599 2074 versuum
1637 2035 1867 2074 nominibus
1902 2035 2011 2074 baud
2040 2047 2172 2086 pauca
2201 2037 2293 2083 sint,
2325 2047 2495 2086 quorum

154 2097 226 2133 aut
261 2092 369 2143 apud
403 2092 536 2143 ipsum
572 2090 805 2132 Iuvenalem
841 2095 913 2131 aut
948 2090 1055 2142 apud
1091 2091 1194 2131 alios
1230 2090 1300 2131 fiat
1338 2091 1503 2140 mentio,
1541 2091 1714 2131 hominis
1753 2090 1976 2140 cuiusdam,
2008 2092 2076 2143 qui
2114 2096 2199 2132 tum
2230 2090 2316 2140 fuit,
2347 2103 2495 2133 nomen

153 2149 314 2189 videtur
343 2149 538 2200 scriptum
568 2147 704 2188 fuisse.
763 2146 896 2200 Atque
928 2147 977 2186 de
1008 2147 1221 2198 scriptura,
1253 2158 1357 2198 quae
1389 2151 1452 2186 est
1481 2146 1590 2196 Acci,
1620 2158 1671 2187 ne
1701 2146 1808 2187 idem
1838 2147 2054 2187 dicendum
2083 2148 2149 2197 sit,
2180 2159 2334 2188 vereor.
2391 2147 2495 2187 Nam

154 2217 248 2244 cum
292 2205 393 2244 Acci
436 2204 622 2254 tragoedi
666 2215 815 2243 nomen
856 2214 989 2253 neque
1031 2204 1085 2241 in.
1117 2203 1317 2242 luvenalis
1359 2204 1495 2242 satiris
1537 2214 1669 2253 neque
1710 2203 1817 2252 apud
1846 2203 1948 2243 alios
1978 2204 2217 2252 inveniatur,
2248 2203 2383 2243 facere
2413 2216 2495 2243 non

154 2272 384 2313 possumuS,
416 2261 514 2311 quin
543 2259 622 2300 1100
653 2270 803 2299 nomen
833 2258 1090 2298 librariorum
1122 2259 1371 2307 coniectura,
1404 2259 1471 2310 qui
1501 2269 1641 2298 veram
1671 2259 1846 2298 nominis
1876 2258 2047 2299 sormam
2067 2259 2193 2300 literis
2220 2260 2352 2299 minus
2373 2258 2494 2299 claris

154 2318 425 2368 perscriptam
469 2317 713 2366 investigare
758 2327 808 2355 ac
844 2315 1033 2366 persequi
1068 2327 1149 2355 non
1185 2320 1365 2366 possent,
1402 2327 1615 2367 perperam
1657 2316 1698 2355 in
1739 2319 1854 2360 textu
1887 2316 2064 2363 positum
2107 2327 2199 2357 0330
2243 2327 2495 2357 censeamus.

155 2373 366 2425 Bathyllus
411 2377 563 2422 autem,
601 2373 669 2423 qui
705 2373 746 2411 in
782 2383 902 2412 versu
939 2371 992 2411 63
1029 2376 1385 2421 commemoratur,
1423 2376 1464 2411 et
1483 2370 1685 2420 Urbicus,
1723 2372 1838 2412 cuius
1883 2383 2033 2412 nomen
2076 2377 2139 2414 est
2181 2374 2223 2412 in
2265 2384 2387 2413 versu
2427 2373 2492 2422 71,
2559 2377 2563 2381 ’

155 2429 397 2470 feminarum
432 2433 570 2480 partes
606 2430 647 2468 in
684 2439 837 2468 scaena
878 2439 1000 2478 agere
1036 2428 1178 2468 solitos
1216 2427 1340 2468 fuisse
1376 2439 1427 2468 ex
1461 2428 1559 2479 ipsis
1596 2426 1781 2468 versibus
1820 2432 2007 2479 apparet3
2044 2440 2168 2481 quare
2198 2440 2280 2469 una
2309 2440 2402 2470 cum
2431 2429 2494 2469 his

153 2490 317 2536 poetam
347 2486 388 2524 in
419 2496 541 2524 versu
572 2496 733 2535 quoque
765 2484 819 2523 70
848 2484 1086 2523 histrionem
1116 2484 1323 2523 induxisse
1354 2483 1593 2523 seminarum
1624 2488 1761 2534 partes
1796 2488 1984 2533 agentem
2014 2485 2216 2525 versimile
2246 2489 2319 2525 est.
2376 2484 2493 2524 Eius-

154 2541 264 2583 modi
294 2541 501 2583 hominem
532 2541 570 2581 in
602 2552 723 2581 versu
756 2540 810 2581 70
833 2552 858 2580 8
887 2544 1007 2592 poeta
1038 2540 1289 2581 nominatum
1321 2539 1446 2581 fuisse
1476 2552 1556 2592 quo
1586 2540 1716 2591 magis
1747 2540 1973 2590 credamus,
2004 2545 2140 2582 movet
2169 2542 2298 2595 thyrsi
2326 2542 2492 2591 mentio,

154 2599 300 2638 hastae
339 2599 444 2638 illius
480 2598 633 2637 hedera
670 2599 844 2646 cinctae,
881 2608 962 2648 qua
997 2596 1216 2636 utebantur
1254 2598 1472 2637 histriones
1503 2596 1756 2636 Baccharum
1794 2601 1931 2646 partes
1961 2603 2140 2648 agentes.
2198 2599 2326 2649 Ipsius
2355 2602 2493 2638 autem

153 2653 354 2695 luvenalis
386 2655 425 2694 in
455 2654 593 2694 satiris
624 2652 685 2693 bis
716 2657 780 2694 est
809 2664 957 2693 nomen
989 2652 1173 2702 tragoedi
1203 2651 1443 2693 seminarum
1472 2656 1609 2703 partes
1639 2663 1733 2692 cum
1762 2652 1881 2693 laude
1901 2654 2070 2704 agentis,
2093 2653 2249 2703 Haemi,
2271 2655 2339 2706 qui
2363 2652 2422 2693 111.
2439 2653 2492 2693 99

153 2710 287 2751 mollis
316 2711 464 2751 dicitur
494 2714 534 2751 et
565 2709 616 2750 Vl
651 2709 729 2751 198
759 2709 961 2759 laudatur,
994 2708 1102 2761 quod
1132 2708 1319 2749 omnibus
1349 2707 1513 2749 mollius
1547 2712 1588 2748 et
1618 2708 1774 2749 dulcius
1804 2708 1940 2750 dicere
1969 2709 2165 2752 didicerit.
2230 2710 2349 2752 Patet
2384 2710 2493 2750 eius-

150 2768 261 2808 modi
306 2768 513 2808 hominem
549 2766 785 2807 mulieribus
821 2766 946 2807 fuisse
982 2767 1023 2806 in
1058 2765 1226 2807 deliciis.
1295 2764 1419 2806 Cuius
1455 2776 1605 2805 nomen
1645 2776 1736 2807 011111
1779 2766 1819 2805 111
1855 2767 2064 2807 codicibus
2100 2768 2261 2819 saepius
2297 2768 2492 2818 scriptum

151 2825 382 2864 inveniatur
422 2824 587 2874 Aemus,
626 2835 698 2875 pro
739 2822 882 2872 torma,
924 2834 1029 2875 quae
1066 2825 1129 2862 est
1168 2821 1298 2872 Aemi,
1334 2822 1440 2863 male
1471 2822 1580 2872 picta
1610 2820 1727 2862 facile
1757 2833 1782 2861 a
1812 2821 1984 2863 librariis
2014 2824 2138 2864 scribi
2167 2825 2348 2876 potuisse
2380 2821 2493 2862 Acne

151 2880 410 2921 manifestum
441 2884 515 2930 est,
548 2892 570 2920 e
601 2880 747 2931 quibus
777 2880 904 2921 literis
936 2878 1035 2919 Aeci
1063 2878 1400 2930 interpolatorum
1431 2890 1556 2928 opera
1586 2877 1745 2918 videtur
1774 2884 1938 2919 enatum
1968 2892 2070 2921 esse.

353 2953 468 3004 Quae
498 2965 590 2992 cum
622 2953 679 2992 ita
709 2952 803 3002 sint,
835 2952 943 2992 haud
974 2952 1060 2991 scio
1092 2963 1144 2990 an
1175 2951 1384 3002 scripserit
1413 2950 1612 2990 Iuvenalis
1645 2951 1685 2991 in
1716 2962 1836 2991 versu
1866 2952 2168 3004 septuagesimo

754 3020 970 3059 personam
1002 3009 1267 3059 thyrsumque
1297 3011 1438 3046 tenent
1468 3011 1508 3045 et
1538 3007 1717 3058 subligar
1747 3007 1899 3047 Haemi.
