2640 3438
1316 226 1365 266 19

1107 354 1217 408 Xl.
1256 354 1382 410 147
1415 365 1565 420 squ.

791 433 884 475 Non
913 432 1047 486 Phryx
1075 439 1147 475 aut
1175 434 1335 487 Lycius,
1366 447 1448 476 non
1477 446 1503 475 a
1531 446 1733 486 mangone
1762 435 1911 486 petitus

792 490 1007 542 quisquam
1030 491 1128 531 erit:
1157 491 1199 533 in
1227 502 1375 541 magno
1405 503 1499 530 cum
1528 502 1686 554 posceS,
1715 502 1840 542 posce
1869 491 2004 530 latine.

375 545 605 596 Quaeritur,
636 545 731 597 quid
759 546 813 587 sit
840 545 888 587 in
915 558 1064 597 mayno
1093 559 1184 588 cum
1204 559 1357 598 posces.
1423 545 1539 596 Sunt,
1578 547 1647 598 qui
1685 547 1788 597 11300
1824 546 1950 588 verba
1989 551 2186 589 censeant
2223 546 2328 587 idem
2363 547 2500 588 valere

164 613 222 643 30
250 600 297 642 in
324 613 473 653 111119πο
495 600 644 653 poculo
674 613 764 642 cum
785 613 929 653 posces
956 600 1098 642 bibere.
1155 601 1236 644 Sed
1266 601 1403 643 130010
1433 614 1515 643 11011
1545 614 1775 654 possumus,
1806 604 1902 654 quin
1922 602 2167 651 dubitemus,
2198 614 2253 642 an
2272 615 2353 643 non
2373 604 2496 643 latine

169 658 273 701 haec
302 657 413 698 dicta
441 658 534 698 sint.
600 656 721 699 Certe
763 659 821 698 ab.
858 658 950 709 ipso
991 657 1180 699 Iuvenale
1222 658 1347 700 verbo
1391 658 1555 700 bibendi
1599 670 1761 710 semper
1798 659 2030 709 adiungitur
2059 658 2261 699 ablativus
2291 670 2495 707 vasorum,

166 712 318 767 quibus
346 713 459 765 potio
489 714 738 755 continetur:
768 713 811 753 11.
842 713 897 754 95
927 713 1057 754 vitreo
1087 713 1186 754 bibit
1212 713 1283 755 ille
1304 714 1457 766 priapo
1467 727 1483 764 ,·
1511 713 1575 754 V1.
1605 713 1688 754 304
1718 726 1808 754 cum
1838 713 1991 755 bibitur
2020 713 2172 754 concha
2179 727 2194 763 ;
2222 714 2272 753 X.
2300 714 2353 754 25
2382 714 2500 754 nulla

172 768 338 812 aconita
378 768 572 811 bibuntur
609 768 826 820 fictilibus;
866 769 948 811 XIL
978 769 1032 810 47
1071 769 1228 811 biberat
1256 783 1335 822 quo
1366 770 1540 811 callidus
1570 772 1726 821 emptor
1758 769 1938 821 Olynthi.
2007 770 2116 811 Idem
2158 769 2284 811 verbo
2327 770 2498 812 cenandi

155 825 322 869 addere
356 825 462 867 solet
500 825 741 866 ablativum:
775 825 834 865 ΙΙΙ.
868 825 946 865 142
985 838 1110 877 quam
1150 826 1281 867 multa
1314 826 1546 878 magnaque
1575 826 1801 877 paropside
1836 829 1975 876 cenat;
2013 826 2092 867 168
2127 825 2321 875 fictilibus
2355 839 2500 866 cenare

166 881 309 933 pudet.
365 880 483 933 Apud
513 879 751 923 Ciceronem
780 882 976 932 scriptum
1005 881 1207 922 videmus:
1235 884 1408 933 poscunt
1429 881 1659 922 maioribus
1682 881 1853 933 poculis.
1911 882 1966 922 At
1994 887 2039 922 ut
2068 883 2198 933 possit
2227 882 2307 922 11101
2334 894 2500 932 poscere

168 937 218 978 in
245 949 406 989 maqno,
444 938 564 978 huius
604 937 684 978 loci
727 941 967 988 argumento
1007 937 1111 978 11300
1152 942 1248 989 apta
1288 950 1370 979 non
1407 942 1515 979 sunt.
1580 937 1684 978 Nam
1713 938 1754 978 in
1784 938 1898 978 cenis
1927 941 2260 989 sumptuosorum
2289 938 2496 978 hominum

167 993 283 1034 initio
313 992 507 1034 calicibus
536 992 674 1035 bibere
703 992 917 1042 solebant,
934 993 1079 1033 deinde
1099 1004 1192 1033 cum
1216 993 1268 1034 ad
1288 994 1537 1044 potationem
1556 998 1721 1034 ventum
1742 998 1843 1043 erat,
1864 994 2013 1045 pocula
2032 994 2189 1034 maiora
2209 993 2491 1044 poscebantur.

168 1048 296 1090 Huius
324 1053 461 1089 autem
501 1049 692 1088 carminis
733 1053 1016 1099 argumentum
1054 1060 1147 1089 cum
1176 1050 1351 1100 positum
1380 1050 1433 1090 sit
1461 1051 1502 1089 in
1531 1050 1735 1090 laudanda
1773 1054 1919 1101 poetae
1955 1050 2217 1101 parsimonia,
2257 1049 2494 1100 castiganda

168 1104 399 1157 aequalium
427 1105 597 1154 luxuria,
627 1104 866 1155 poculorum
895 1105 1094 1145 maiorum
1123 1109 1165 1145 et
1199 1106 1418 1156 potationis
1447 1107 1692 1147 mentionem
1730 1110 1774 1146 ut
1813 1107 1854 1146 in
1894 1106 2042 1146 cenula
2077 1104 2180 1156 frugi
2208 1105 2494 1147 alienissimam

165 1172 264 1201 esse
291 1164 470 1212 apparet.
533 1160 621 1211 Ipse
657 1160 792 1211 paullo
827 1164 924 1201 ante
959 1173 994 1200 v.
1029 1160 1106 1200 145
1146 1161 1261 1201 dicit:
1294 1161 1474 1212 plebeios
1509 1161 1652 1201 calices
1688 1164 1727 1201 et
1753 1161 1904 1212 paucis
1932 1161 2092 1202 assibus
2122 1164 2272 1212 emptos
2294 1161 2489 1212 porriyet.

168 1215 371 1257 Abhorret
410 1216 530 1266 igitur
558 1228 584 1256 3
613 1217 737 1257 totius
766 1216 846 1257 loci
875 1216 1009 1257 indole
1038 1216 1267 1266 verborum,
1298 1229 1403 1269 quae
1431 1222 1526 1258 sunt
1566 1217 1612 1257 in
1649 1229 1797 1268 mayno
1837 1229 1928 1258 cum
1960 1229 2115 1268 posce-3,
2151 1217 2386 1268 complexio.
2444 1216 2492 1256 Et

168 1276 281 1313 recte
319 1272 477 1313 videtur
514 1272 695 1312 iudicare
725 1271 932 1321 Weidner,
972 1284 1063 1312 cum
1090 1272 1187 1312 dicit
1215 1273 1530 1313 adhaerentibus
1559 1272 1694 1312 verbis
1731 1272 1778 1312 in
1815 1284 1965 1324 maqno
2004 1274 2186 1312 imminui
2223 1278 2263 1312 et
2304 1273 2493 1312 infirmari

168 1328 250 1368 vim
278 1327 456 1368 breviter
483 1327 581 1367 dicti
611 1340 700 1367 cum
723 1340 876 1378 pose-ee,
899 1339 1021 1377 posce
1049 1327 1186 1368 latine.
1235 1328 1418 1377 Accedit,
1449 1328 1558 1380 quod
1588 1328 1816 1369 coniunctis
1837 1327 1973 1369 verbis
2005 1328 2049 1368 in
2069 1340 2216 1379 mayno
2238 1341 2325 1368 cum
2340 1340 2491 1378 posces,

159 1396 286 1435 posce
313 1382 442 1424 latine
469 1384 572 1424 mira
601 1382 737 1424 evadit
765 1384 981 1434 sententia,
1011 1384 1179 1435 proinde
1217 1384 1334 1436 quasi
1374 1384 1499 1425 latine
1538 1395 1708 1435 poscere
1747 1385 1904 1424 amicus
1942 1395 2026 1425 non
2066 1384 2264 1433 iubeatur,
2295 1385 2371 1424 nisi
2401 1396 2491 1423 cum

168 1443 313 1491 poscat
341 1439 511 1490 poculis
526 1439 760 1479 maioribus.

367 1495 547 1546 Apparet
590 1495 781 1536 mendum
823 1494 954 1536 latere
996 1496 1037 1536 in
1079 1495 1214 1536 verbis
1257 1495 1303 1536 in
1346 1508 1505 1547 mayno.
1570 1495 1617 1536 Et
1652 1500 1781 1545 erant,
1813 1496 1881 1547 qui
1910 1495 2015 1536 haec
2045 1494 2171 1536 verba
2200 1495 2370 1536 delenda
2403 1507 2494 1536 esse

172 1555 407 1593 censerent:
452 1551 594 1593 deletis
637 1551 904 1592 hemistichiis
945 1550 1021 1592 illis
1063 1563 1148 1592 ‘non
1192 1563 1219 1592 a
1260 1563 1462 1603 nzanqone
1498 1551 1655 1602 petitus
1697 1552 1916 1602 quisquam
1959 1552 2039 1591 erit
2077 1551 2124 1591 in
2166 1564 2313 1603 maqno
2343 1553 2492 1602 primus

167 1607 351 1658 Guyetus
381 1619 523 1648 versus
557 1608 632 1647 147
665 1611 706 1647 01
738 1607 816 1647 148
855 1608 896 1646 111
925 1620 1050 1647 unum
1084 1609 1217 1658 coegit
1251 1613 1293 1648 et
1320 1613 1414 1658 post
1442 1620 1535 1648 eum
1564 1607 1831 1656 Hermannus,
1862 1607 2124 1656 Ribbeckius,
2155 1607 2315 1647 Iahnius
2345 1607 2492 1657 (1868),

169 1662 396 1712 Weidner¹‚
435 1674 458 1703 0
494 1661 638 1714 quibus
668 1663 900 1703 accuratius
931 1663 981 1704 de
1011 1673 1201 1704 versuum
1231 1663 1464 1704 conditione
1494 1663 1703 1714 disputans
1724 1662 1970 1705 Ribbeekius
2000 1663 2090 1716 (der
2120 1663 2238 1703 echte
2269 1668 2320 1702 ct.
2340 1675 2375 1714 p.
2400 1662 2492 1715 134)

165 1723 309 1770 aperte
339 1718 555 1759 confitetur
583 1730 665 1758 non
694 1719 940 1759 intellexisse
970 1730 1015 1758 se
1044 1719 1170 1759 verba
1196 1718 1244 1759 in
1272 1731 1430 1770 maqno.
1471 1718 1665 1759 Weidner
1693 1720 1735 1759 in
1760 1719 1938 1759 editione
1957 1720 2089 1759 altera
2109 1730 2252 1759 versus
2272 1720 2492 1759 servandos

165 1785 274 1822 0330,
305 1775 377 1813 3011
406 1786 572 1824 prorsus
602 1774 778 1814 obscura
819 1786 912 1814 esse
941 1774 1067 1814 verba
1103 1774 1150 1814 in
1179 1785 1328 1826 maqno
1362 1779 1475 1814 ratus
1507 1775 1682 1815 coniecit
1719 1787 1792 1825 pro
1830 1774 1877 1814 in
1915 1787 2064 1826 maqno
2104 1774 2361 1815 scribendum
2402 1786 2492 1814 esse

169 1828 379 1878 Armenio,
407 1834 452 1869 ut
482 1830 688 1869 exoriatur
717 1829 819 1869 haec
848 1840 1040 1870 versuum
1069 1828 1218 1870 forma:

759 1897 841 1924 non
870 1884 1004 1936 Phryx
1034 1889 1105 1925 aut
1134 1885 1293 1936 Lycius,
1324 1897 1407 1925 non
1437 1897 1462 1925 a
1492 1896 1693 1935 mangone
1723 1886 1872 1935 petitus

759 1941 972 1992 quisquam
1002 1941 1079 1981 erit
1106 1940 1317 1981 Armenio:
1348 1953 1441 1980 eum
1470 1952 1632 1991 posces,
1661 1951 1786 1991 posce
1815 1941 1950 1980 latine.

367 1994 448 2035 Sed
489 1996 660 2046 primum
699 1996 807 2046 quod
845 1996 943 2035 dicit
972 1997 1179 2046 epitheton
1207 1997 1399 2046 mangoni
1429 1996 1523 2036 addi
1553 2001 1754 2047 oportere,
1787 2008 1880 2036 cum
1911 2008 1960 2036 eo
1991 1995 2127 2036 facere
2157 2009 2238 2036 non
2268 2008 2492 2047 possumus.

165 2050 319 2092 Deinde
358 2062 410 2091 ne
453 2050 649 2091 audacius
688 2051 911 2091 coniecerit
948 2052 1009 2091 vir
1047 2051 1206 2101 doctus,
1241 2062 1402 2092 vereor:
1442 2063 1525 2092 non
1562 2051 1698 2099 habet,
1739 2063 1819 2102 quo
1858 2055 2021 2092 tueatur
2059 2051 2274 2103 manqom's
2304 2051 2490 2090 Armenii

175 2107 497 2159 appeUationem.
554 2106 658 2147 Nam
694 2107 802 2158 quod
831 2106 971 2147 laudat
998 2106 1193 2147 Martialis
1221 2106 1345 2148 verba
1376 2106 1471 2160 (Vll.
1497 2106 1567 2160 80)
1604 2106 1851 2157 Mytilenaei
1887 2119 2029 2147 roseus
2062 2107 2276 2158 manqom's
2314 2105 2493 2156 ephebus,

164 2162 397 2214 Mytilenaei
439 2164 652 2213 mangonis
696 2163 847 2202 mentio
876 2163 1035 2203 videtur
1063 2175 1087 2203 e
1116 2174 1160 2204 re
1190 2175 1294 2212 esse,
1325 2174 1418 2203 cum
1448 2164 1490 2202 in
1519 2163 1660 2202 insulis
1691 2163 1814 2202 maris
1835 2162 1988 2213 Aegaei
2017 2175 2227 2203 servorum
2255 2163 2492 2203 venationes

166 2219 372 2260 institutas
402 2229 494 2259 esse
523 2222 565 2259 et
593 2217 894 2259 venaliciariam
923 2217 1109 2259 floruisse
1137 2219 1243 2259 inter
1271 2229 1413 2259 omnes
1444 2222 1624 2259 constet:
1664 2229 1715 2258 ex
1744 2217 1937 2259 Armenia
1972 2230 2113 2259 servos
2152 2229 2242 2258 0330
2284 2217 2491 2258 traductos

167 2286 369 2325 nusquam
399 2275 594 2324 scriptum
622 2278 696 2314 est.
753 2273 943 2324 Sequitur
972 2273 1181 2313 Weidneri
1210 2275 1447 2314 coniectura
1475 2274 1611 2314 locum
1641 2279 1831 2314 sanatum
1859 2286 1942 2314 non
1973 2286 2076 2314 esse.

368 2328 460 2370 Mea
488 2328 649 2380 quidem
679 2329 882 2369 sententia
910 2329 977 2369 hic
1007 2329 1126 2369 decet
1155 2329 1296 2369 audire
1316 2328 1497 2369 Iahnium
1518 2332 1765 2378 monentem,
1787 2340 1839 2369 ne
1859 2341 2026 2380 prorsus
2047 2330 2088 2369 in
2109 2332 2221 2369 textu
2241 2328 2491 2368 restituendo

166 2384 418 2436 respuendos
447 2396 539 2426 esse
569 2384 733 2425 codices
763 2385 986 2425 deteriores
1016 2384 1268 2425 arbitremur.
1335 2384 1385 2425 Et
1423 2389 1612 2436 receptas
1652 2396 1744 2425 esse
1781 2385 1967 2425 codicum
1997 2384 2155 2425 illorum
2184 2384 2379 2425 lectiones
2409 2395 2491 2423 non

166 2452 250 2481 uno
293 2441 400 2490 loco,
445 2441 539 2491 quia
582 2452 680 2481 vera
718 2441 840 2480 lectio
878 2442 920 2480 in
957 2440 989 2480 P
1026 2440 1281 2481 librariorum
1318 2452 1457 2481 errore
1496 2445 1690 2492 corrupta
1726 2444 1849 2492 atque
1889 2441 2109 2481 obscurata
2148 2445 2222 2488 est,
2260 2441 2300 2479 in
2329 2457 2360 2480 ω
2391 2451 2491 2479 03311

165 2500 346 2557 servata
385 2496 490 2560 quis·
514 2499 578 2536 est
608 2496 676 2548 qui
706 2496 897 2536 nesciat?
956 2494 1104 2537 Confer
1140 2507 1245 2548 quae
1282 2507 1406 2547 supra
1443 2496 1758 2548 disputavismus
1794 2496 1846 2536 ad
1876 2496 1918 2535 11.
1938 2496 1992 2535 43
2030 2501 2071 2536 et
2091 2495 2153 2535 VI.
2173 2495 2266 2543 415,
2297 2495 2365 2534 ubi
2395 2506 2492 2534 vera

167 2552 291 2593 100110
330 2526 444 2592 extat
480 2552 521 2592 in
559 2552 769 2592 codicibus
807 2552 1070 2603 interpolatis
1136 2552 1225 2592 Hoc
1263 2557 1401 2592 autem
1438 2552 1532 2593 loco
1571 2552 1735 2592 00111003
1774 2552 1996 2593 deteriores
2035 2551 2225 2592 exhibent
2266 2552 2305 2590 et
2332 2562 2491 2601 mayno

170 2607 351 2658 Recepta
379 2608 500 2658 igitur
527 2607 606 2647 1130
635 2607 812 2647 lectione
840 2607 1000 2648 videtur
1028 2608 1354 2670 coniungendam
1382 2619 1475 2649 esse
1504 2607 1748 2648 vocabulum
1788 2619 1935 2658 maqno
1974 2619 2067 2647 cum
2099 2606 2255 2657 petitus
2292 2610 2334 2647 et
2372 2606 2493 2646 colon

168 2662 396 2715 ponendem
425 2666 518 2714 post
545 2673 718 2713 maqno:
745 2673 841 2702 nam
869 2662 996 2703 verbo
1019 2662 1190 2713 petendi
1216 2664 1378 2714 saepius
1408 2664 1466 2702 ita
1495 2675 1593 2703 usus
1623 2667 1686 2703 est
1716 2667 1838 2712 poeta
1866 2662 1942 2713 (VI.
1971 2662 2067 2711 527,
2098 2661 2191 2710 603,
2223 2661 2285 2700 IX.
2319 2661 2410 2710 149)
2452 2666 2494 2700 et

168 2719 373 2759 ablativus
417 2730 565 2769 maqno
608 2717 661 2757 ad
704 2718 1005 2758 similitudinem
1058 2718 1275 2758 verborum
1318 2718 1479 2758 emendi
1523 2730 1615 2758 cum
1659 2718 1740 2758 alio
1783 2718 1908 2758 verbo
1952 2719 2192 2758 coniunctus
2235 2722 2299 2758 est
2336 2715 2399 2757 VI.
2440 2715 2493 2756 73

172 2773 363 2828 (solvitur
389 2772 455 2814 his
482 2785 631 2826 mayno
660 2772 838 2814 comoedi
864 2771 1022 2825 fibula.)
1079 2772 1316 2815 Sententiae
1353 2773 1494 2813 similis
1531 2778 1594 2814 est
1628 2774 1794 2825 quintae
1823 2774 1973 2813 satirae
2002 2784 2144 2813 versus
2173 2772 2227 2812 56
2262 2771 2338 2821 flos
2368 2771 2495 2811 Asiae

169 2833 270 2871 ante
295 2830 432 2881 ipsum
454 2830 591 2881 pretio
620 2829 777 2869 maiore
799 2832 991 2880 paratus.
1047 2828 1105 2870 De
1133 2829 1349 2869 verborum
1379 2834 1516 2869 autem
1546 2830 1818 2869 collocatione
1847 2830 2091 2869 monendum
2121 2833 2183 2868 est
2210 2828 2289 2868 duo
2310 2827 2495 2867 membra

174 2886 405 2937 copulative
433 2886 573 2926 iuncta
602 2886 659 2924 113
688 2885 918 2924 Iuvenalem
947 2884 1183 2947 plerumque
1212 2885 1449 2933 distrahere,
1479 2889 1525 2924 ut
1553 2885 1659 2924 inter
1687 2885 1797 2934 prius
1823 2888 1865 2924 et
1883 2884 2121 2935 particulam
2141 2895 2264 2924 voces
2283 2884 2494 2935 utriusque

170 2952 410 2984 communes
438 2941 656 2983 interiiciat
684 2939 819 2993 (Kiaer
847 2952 883 2992 p.
916 2939 994 2991 18),
1025 2940 1140 2981 0111113
1169 2940 1329 2992 generis
1359 2916 1462 2981 113οἒ
1492 2943 1606 2980 sunt:
1636 2938 1700 2980 VI.
1728 2939 1811 2981 559
1840 2951 2015 2992 maqnus
2042 2939 2142 2979 civis
2171 2938 2254 2979 obit
2282 2940 2320 2978 et
2348 2937 2493 2988 formi-

172 2997 298 3037 datus
329 2996 500 3047 Othona}
518 2997 615 3037 vul.
635 2997 716 3037 217
737 2997 807 3036 3οᾱ
825 3009 899 3036 nec
919 2996 1111 3036 Electrae
1137 2996 1279 3047 iuyulo
1308 3008 1351 3035 30
1373 2995 1527 3046 polluit
1555 2998 1630 3035 aut
1649 2995 1852 3045 Spartani
1879 2996 2080 3046 sanquine
2099 2995 2300 3046 coniugii,-
2328 2994 2391 3035 lx.
2415 2995 2494 3035 123

181 3066 355 3104 quorum
384 3052 548 3094 animas
577 3056 616 3094 et
633 3051 762 3104 farre
788 3065 863 3093 suo
892 3050 1069 3093 custodit
1097 3053 1136 3093 et
1164 3064 1282 3102 aere,·
1310 3050 1357 3092 X.
1375 3051 1402 3092 5
1432 3053 1478 3092 ut
1510 3053 1548 3091 te
1576 3053 1746 3092 conatus
1779 3062 1863 3092 ‘non
1894 3050 2110 3102 paeniteat
2136 3050 2301 3102 votique
2327 3050 2498 3102 peracti.

167 3107 290 3149 Plura
318 3109 452 3149 attulit
481 3108 666 3150 Kiaerius
695 3110 787 3149 loco
816 3108 993 3148 laudato.

2234 3180 2277 3215 35
