2640 3438
1307 237 1357 277 13

365 372 519 414 Contra
548 373 682 424 lectio,
724 385 830 424 quae
868 377 931 412 est
961 372 1084 421 omni,
1125 377 1168 413 et
1196 373 1350 413 codicis
1380 373 1520 424 optimi
1550 372 1795 412 auctoritate
1825 371 2069 420 defenditur,
2111 377 2152 410 et
2181 376 2243 410 est
2273 383 2353 409 non
2373 368 2496 408 modo

163 442 236 480 per
264 441 311 470 se
339 428 519 477 serenda,
549 427 625 468 sed
651 429 775 469 etiam
804 428 995 479 perbona.
1053 429 1158 469 Nam
1186 429 1294 480 quod
1325 428 1457 469 omnis
1485 427 1591 469 idem
1621 439 1713 468 esse
1742 432 1865 478 poeta
1894 427 1980 467 vult
2010 439 2060 466 ac
2093 429 2210 474 totus,
2239 426 2336 466 nihil
2373 424 2497 465 habet

163 483 426 533 dit'ficultatis,
467 495 561 525 cum
603 483 712 526 haud
752 484 895 536 paucis
930 484 1033 525 locis
1062 484 1261 527 Iuvenalis
1290 484 1492 532 vocabulo
1533 482 1665 524 omnis
1705 484 1763 524 ita
1801 486 1959 524 utatur:
2001 482 2026 522 l.
2055 482 2124 531 59,
2167 482 2225 521 Ill.
2254 482 2320 530 55,
2352 480 2396 521 V.
2426 478 2495 528 93,

165 539 226 580 VI.
256 540 354 589 438,
385 539 482 580 VIII.
515 540 608 588 132,
639 539 736 588 256,
765 539 863 579 XIII.
893 540 990 588 204,
1020 540 1120 580 XVI.
1150 540 1216 580 54.
1286 540 1507 580 Praeterea
1542 538 1664 586 omni,
1693 544 1738 579 ut
1766 544 1879 578 recte
1910 538 2076 578 Beerius
2106 539 2327 583 adnotavit,
2358 537 2495 576 decies

163 596 294 692 otides
322 595 690 691 apudfiguvenalem
720 596 866 646 legitur
879 598 906 644 1)
935 596 1055 647 idque
1085 597 1266 647 exceptis
1292 596 1477 636 versibus
1495 594 1588 635 VIII.
1609 595 1705 644 239,
1726 595 1818 642 256,
1850 594 1913 635 Xl.
1939 594 2030 642 174,
2061 593 2158 634 XIII.
2179 593 2245 642 21,
2276 591 2375 632 XIV.
2399 592 2446 632 11
2464 594 2495 642 ²)

170 663 196 692 u
226 663 238 692 ι
269 662 320 692 ue
349 663 391 692 m
475 662 498 692 e
527 663 682 692 versus.

241 663 266 704 q
366 707 523 755 Restat,
553 712 598 746 ut
627 707 887 757 explicemus,
924 708 1020 757 quid
1055 707 1132 746 sibi
1168 708 1295 746 velint
1330 707 1456 746 verba
1492 707 1603 746 omni
1639 707 1744 745 sinzo.
1810 706 1859 744 Et
1897 711 2009 755 patet
2038 705 2238 744 vocabulo
2277 707 2388 742 sinus
2417 704 2495 742 hoc

166 761 259 803 loco
287 774 407 804 usum
437 773 530 803 esse
559 766 722 814 poetam
751 762 802 803 de
831 766 959 811 veste,
991 767 1035 803 ut
1064 762 1132 803 alii
1161 766 1203 803 et
1232 763 1319 814 ipse
1349 761 1412 802 IX.
1438 762 1492 803 33
1527 760 1684 811 (fatum
1728 764 1788 801 est
1824 763 1862 801 et
1895 760 2083 812 partibus
2117 759 2212 809 illis,
2244 772 2346 811 quas
2380 758 2496 798 sinus

167 817 394 869 abscondit)
407 830 423 867 ,·
465 818 577 858 omm‘
610 817 707 858 sinu
747 823 884 858 autem
920 819 1030 867 dicit,
1077 823 1122 858 ut
1166 819 1479 858 intentissimam
1521 817 1725 857 Fortunae
1767 829 1907 857 curam
1955 818 2106 867 pingat,
2154 816 2493 867 quemadmodum

167 872 333 916 Ovidius
369 874 419 915 de
448 873 578 915 Niobe
608 873 768 915 Metam.
799 873 860 915 VI.
882 874 963 915 298
994 886 1118 926 quam
1149 876 1231 915 toto
1261 887 1428 925 corpore
1455 876 1599 922 mater,
1632 875 1716 914 tota
1746 875 1854 914 veste
1884 875 2032 925 teqem.

366 930 427 971 Ac
457 942 508 971 ne
538 931 633 982 quid
662 930 875 983 reliquisse
904 930 1126 979 videamur,
1163 931 1213 971 de
1252 931 1383 971 altera
1410 930 1709 971 enunciationis
1738 934 1853 981 parte
1882 930 1934 969 ad
1964 930 2136 969 alterum
2166 927 2332 967 verbum
2362 928 2494 977 posita

166 987 257 1026 vide
293 988 350 1026 sis
385 988 488 1026 haec
529 987 729 1026 Iuvenalis
767 987 972 1037 exempla:
1011 986 1074 1027 VI.
1098 988 1182 1027 474
1221 990 1302 1026 toto
1342 986 1451 1036 Quid
1493 986 1657 1036 faciant
1692 986 1928 1037 aqitentque
1957 986 2023 1024 die
2058 990 2099 1024 et
2129 984 2175 1023 X.
2197 985 2250 1023 29
2280 984 2328 1022 de
2357 983 2495 1022 limine

165 1044 349 1083 moverat
375 1054 504 1083 mitem
535 1041 852 1093 Protuleratque
885 1041 1025 1093 pedem
1054 1047 1096 1083 et
1125 1041 1187 1083 VI.
1208 1040 1290 1083 359
1320 1055 1438 1094 quem
1467 1042 1581 1083 dedit
1604 1041 1703 1082 haec
1727 1041 1946 1093 posuitque
1970 1041 2132 1081 modam
2161 1044 2201 1081 et
2227 1039 2364 1079 XIV.3
2391 1051 2495 1090 quac

165 1101 399 1138 monstrant
426 1098 508 1148 ipsi
531 1097 677 1148 pueris
709 1098 960 1149 traduntque
982 1101 1187 1148 parentes.

365 1153 544 1205 Apparet
574 1154 812 1195 coniectura
841 1155 920 1195 hoc
950 1154 1042 1196 loco
1072 1167 1174 1206 opus
1203 1167 1285 1195 non
1315 1166 1421 1204 esse,
1452 1154 1525 1195 sed
1554 1154 1814 1195 scribendum
1846 1166 1938 1194 cum
1969 1153 2111 1193 codice
2143 1153 2313 1204 optimo:

955 1211 1031 1254 hos
1062 1210 1171 1251 fovet
1200 1211 1311 1263 omni
1341 1211 1592 1263 involvitque
1616 1211 1718 1250 sinu.

1139 1340 1273 1393 Vll.
1310 1338 1389 1394 13
1424 1349 1515 1393 ss.

365 1430 555 1479 Queritur
591 1429 790 1468 Iuvenalis
832 1431 959 1468 satira
994 1431 1168 1480 septima
1204 1431 1254 1470 de
1290 1431 1440 1470 misera
1478 1430 1713 1470 conditione
1743 1443 1897 1478 eorum,
1930 1432 1996 1481 qui
2027 1430 2094 1469 illa
2123 1434 2259 1470 aetate
2288 1429 2490 1468 literarum

163 1486 390 1536 artiumque
420 1484 645 1524 liberalium
675 1484 808 1524 studio
838 1496 883 1524 se
913 1485 1109 1526 dederint.
1148 1485 1286 1526 Satius
1314 1490 1390 1535 est,
1422 1487 1566 1538 inquit,
1599 1486 1742 1526 studiis
1764 1488 1925 1526 omissis
1962 1486 2025 1526 vel
2058 1485 2252 1525 vilissimo
2273 1484 2492 1524 ministerio

164 1541 315 1580 victum
345 1551 554 1591 quaerere,
585 1551 753 1579 munere
784 1539 891 1590 fungi
913 1542 1130 1590 praeconis
1150 1543 1349 1592 mancipis
1370 1543 1668 1593 procuratoris:
1688 1554 1782 1581 nam
1805 1543 1872 1593 qui
1893 1542 2155 1592 praeconium
2177 1541 2328 1580 faciunt
2348 1540 2490 1579 samem

164 1595 358 1647 effugiunt
394 1608 526 1647 neque
555 1608 657 1646 opus
688 1595 747 1635 eis
776 1600 841 1636 est
869 1596 987 1635 malis
1016 1596 1183 1637 artibus.
1256 1596 1376 1638 Certe
1417 1597 1616 1638 eiusmodi
1658 1597 1792 1638 officia
1835 1598 1953 1648 longe
1993 1596 2257 1648 praeferenda
2296 1607 2386 1636 esse
2420 1596 2491 1642 eis,

164 1663 268 1703 quae
306 1652 491 1691 homines
527 1650 697 1702 improbi
732 1652 869 1700 animi,
900 1652 972 1692 sed
1003 1652 1130 1692 felicis
1160 1654 1309 1704 ingenii
1339 1653 1416 1693 sibi
1445 1654 1642 1704 elegerint
1671 1654 1780 1693 velut
1815 1655 1972 1705 equites
2008 1654 2074 1692 isti
2113 1651 2389 1699 semibarbari,
2426 1652 2493 1701 qui

163 1720 257 1748 cum
297 1707 394 1748 olim
435 1708 542 1748 servi
582 1707 730 1748 fuerint
770 1719 820 1748 ex
860 1706 959 1748 Asia
989 1706 1249 1760 Cappadocia
1279 1709 1466 1762 Bithynia
1496 1709 1668 1750 Romam
1697 1709 1886 1759 traducti,
1930 1709 2041 1750 brevi
2083 1720 2154 1760 per
2192 1708 2319 1748 malas
2364 1712 2489 1756 artes,

164 1764 358 1815 imprimis
388 1763 596 1814 perfidiam
625 1768 667 1804 et
696 1764 926 1814 periurium,
958 1765 1010 1804 ad
1040 1770 1272 1817 equestrem
1301 1767 1560 1818 pervenerint
1580 1766 1827 1817 dignitatem.

367 1819 520 1860 Versus
551 1823 687 1860 autem
723 1820 886 1860 13—16
916 1820 1036 1870 vulgo
1066 1822 1124 1861 ita
1153 1823 1295 1873 scripti
1323 1827 1438 1862 sunt:

701 1874 789 1916 Hoc
819 1876 961 1925 satius,
993 1889 1115 1928 quam
1147 1878 1181 1918 si
1212 1878 1325 1918 dicas
1356 1877 1432 1918 sub
1462 1878 1594 1918 iudice
1626 1877 1772 1927 „Vidi“

699 1931 807 1982 quod
837 1944 920 1972 non
949 1933 1102 1981 vidisti;
1133 1933 1286 1973 faciant
1316 1935 1473 1986 equites
1502 1933 1642 1973 Asiani

699 1999 945 2040 quamquam
983 1993 1024 2029 et
1054 1988 1319 2042 Cappadoces
1356 1991 1509 2031 iaciant
1543 1991 1781 2043 equitesque
1819 1989 1991 2042 Bithyni,

700 2044 830 2083 altera
860 2057 963 2095 quos
993 2045 1103 2085 nudo
1134 2046 1311 2086 traducit
1341 2046 1472 2086 Galiia
1501 2047 1596 2086 talo.

362 2099 392 2139 E
422 2099 567 2151 quibus
598 2098 783 2140 versibus
813 2101 997 2151 quintum
1026 2101 1229 2142 decimum
1258 2107 1354 2142 ante
1384 2101 1676 2143 Buechelerum
1706 2114 1849 2142 omnes
1887 2101 1972 2142 sere
2002 2101 2130 2141 critici
2161 2100 2371 2141 voluerunt
2400 2100 2489 2138 eiici

163 2160 204 2195 et
233 2155 353 2196 hodie
383 2154 624 2196 eiiciendum
654 2160 796 2195 censet
825 2155 1075 2210 Hofmann³)‚
1106 2158 1174 2209 qui
1204 2157 1363 2199 delendi
1393 2170 1542 2198 causas
1572 2170 1598 2197 a
1627 2158 1901 2209 superioribus
1932 2157 2159 2208 propositas
2198 2160 2378 2207 repetere
2409 2167 2489 2194 non

163 2211 330 2251 dubitat.
372 2211 501 2261 Quam
531 2209 585 2250 ob
614 2221 700 2250 rem
729 2212 962 2251 accuratius
992 2212 1043 2252 de
1072 2213 1136 2253 his
1166 2213 1351 2254 versibus
1381 2214 1582 2254 disserere
1612 2214 1708 2253 mihi
1738 2214 1988 2265 propositum
2019 2218 2092 2252 est.

364 2267 450 2307 Nec
480 2270 616 2318 potest
644 2267 784 2316 negari
819 2267 1071 2318 inquinatum
1102 2281 1195 2310 esse
1224 2281 1387 2310 versum
1421 2270 1472 2310 15
1501 2270 1735 2321 turpissimo
1765 2270 1913 2309 mendo
1950 2269 2002 2308 ad
2031 2280 2117 2308 rem
2160 2268 2367 2307 metricam
2399 2278 2490 2317 per-

163 2324 320 2372 tinenti,
351 2322 458 2375 quod
488 2322 719 2363 continetur
747 2322 948 2363 vocabulo
980 2323 1170 2376 Bithyni,
1201 2326 1316 2366 cuius
1336 2325 1494 2378 syllaba
1513 2327 1655 2378 prima,
1678 2338 1771 2365 cum
1798 2325 1893 2366 alibi
1921 2330 1963 2366 et
1982 2324 2089 2376 apud
2109 2325 2238 2375 ipsum
2263 2322 2489 2363 Iuvenalem

162 2391 323 2430 semper
352 2380 598 2429 producatur
617 2377 680 2429 (X.
705 2379 797 2427 162,
817 2378 901 2418 XV.
929 2380 978 2427 1),
999 2380 1078 2420 hoc
1099 2382 1262 2432 quidem
1283 2382 1375 2422 loco
1396 2387 1586 2432 correpta
1605 2383 1669 2421 sit.
1704 2381 1786 2421 Sed
1807 2381 2129 2432 interpolationis
2150 2379 2491 2419 demonstrandae

162 2448 289 2476 causa
325 2435 426 2476 alias
462 2439 674 2487 praeterea
709 2434 869 2476 delendi
903 2435 1155 2477 ratiunculas
1191 2438 1454 2487 extricarunt,
1492 2438 1543 2478 de
1580 2437 1725 2489 quibus
1756 2450 1863 2478 nunc
1893 2436 2010 2478 nobis
2040 2435 2240 2487 agendum
2269 2440 2344 2476 est.
2401 2434 2491 2484 Qua

161 2493 202 2532 in
231 2503 276 2531 re
306 2491 491 2543 Pinzgeri
520 2502 738 2543 sequemur
767 2491 1081 2542 disputationem
1111 2493 1220 2533 illam
1263 2493 1330 2533 De
1367 2493 1550 2533 versibus
1584 2493 1741 2545 slmrizs
1779 2496 1817 2533 et
1851 2493 1957 2533 male
1984 2491 2179 2543 suspectis
2208 2491 2252 2531 in
2283 2491 2316 2529 I.
2345 2490 2490 2530 satiris

161 2548 315 2601 (1827),
347 2560 415 2599 qui
443 2548 797 2598 interpolationem
826 2547 978 2587 detexit
1008 2549 1204 2600 cuiusque
1233 2551 1483 2599 argumentis
1513 2551 1761 2600 posteriores
1792 2550 1888 2588 nihil
1918 2554 2135 2600 potuerunt
2164 2547 2323 2587 addere.

363 2605 424 2644 Ac
454 2604 625 2654 primum
656 2602 816 2654 quidem
846 2603 1089 2643 vocabulum
1119 2617 1368 2655 quamquam
1397 2605 1438 2644 in
1468 2617 1588 2645 versu
1623 2605 1672 2644 15
1703 2606 1899 2655 scriptum
1930 2606 2188 2655 vituperatur.
2261 2602 2345 2642 Nec
2390 2614 2489 2642 vero

162 2659 305 2700 modus
347 2659 629 2700 coniunctivus
665 2658 828 2708 faciant
859 2659 1059 2700 vocabulo
1103 2660 1158 2701 illi
1197 2661 1358 2701 additus
1402 2661 1726 2711 interpolationis
1770 2662 1887 2701 testis
1931 2664 2108 2711 putatur,
2153 2671 2246 2699 nam
2290 2658 2490 2698 Iuvenalis

161 2727 322 2767 semper
351 2715 593 2756 vocabulum
630 2727 879 2766 quamquam
907 2727 999 2755 cum
1039 2717 1296 2757 coniunctivo
1326 2716 1506 2768 iunxit⁴);
1558 2728 1690 2768 neque
1727 2728 1975 2767 quamquam
2011 2719 2155 2767 quarto
2194 2715 2355 2754 demum
2397 2714 2490 2754 loco

164 2777 204 2811 et
243 2776 336 2822 post
356 2771 524 2812 verbum
545 2772 720 2822 positum
749 2772 1021 2822 suspicionem
1042 2774 1179 2822 movit,
1211 2785 1304 2812 nam
1326 2773 1570 2812 simillimum
1603 2773 1774 2812 voculae
1795 2774 2007 2823 positum5)
2040 2772 2264 2811 invenimus
2279 2770 2340 2810 vl.
2360 2770 2438 2810 198
2459 2784 2490 2809 s.

365 2872 390 2914 ¹)
425 2873 448 2907 l.
472 2874 526 2906 59.
573 2873 626 2906 111.
652 2872 726 2905 104.
774 2873 825 2906 IV.
853 2872 903 2905 14.
951 2873 1003 2907 Vl.
1030 2874 1104 2915 163,
1128 2873 1204 2907 606.
1251 2873 1331 2908 VIII.
1357 2874 1432 2914 209,
1456 2874 1531 2914 239,
1556 2873 1632 2905 256.
1691 2873 1730 2904 Χ.
1768 2873 1842 2913 232,
1875 2873 1950 2913 253,
1981 2873 2055 2913 280,
2085 2871 2161 2903 303.
2220 2871 2274 2904 XI.
2307 2870 2381 2913 143,
2416 2871 2488 2903 174.

161 2918 246 2953 XIII.
272 2917 325 2951 24.
374 2919 456 2952 XIV.
484 2918 535 2960 11,
559 2918 613 2957 68,
637 2917 713 2950 237.

365 2962 390 3025 Ξ)
426 2974 514 3018 quos
539 2963 731 3039 locospnon
756 2962 844 2996 satis
868 2966 1036 2997 accurate
1062 2964 1098 2997 B.
1123 2964 1319 3007 exscripsit.

363 3008 391 3095 ⁴3
426 3009 621 3087 ffuffhssf.
645 3008 887 3102 βξῗέἷὲὶεῖὃθξέ.
905 3009 1066 3089 ¹:354.15'xl.
1092 3054 1166 3087 205.
1214 3053 1282 3086 xn.
1308 3053 1359 3086 25.
1391 3053 1490 3103 xm.
1514 3052 1592 3102 172.
1641 3051 1708 3084 xv.
1733 3052 1786 3084 30.
2062 3097 2066 3101 .
2168 3096 2172 3100 .

363 3097 389 3139 ὅ)
413 3098 450 3130 II.
468 3099 522 3131 59.
547 3098 685 3131 dedent
702 3106 805 3129 vivus
824 3107 886 3129 cur
910 3098 1021 3131 multa
1045 3099 1200 3141 puellae3
1225 3099 1277 3133 111.
1298 3099 1370 3130 173.
1389 3108 1465 3140 ipsa
1488 3098 1625 3130 dicrum
1644 3097 1813 3130 festorum
1832 3096 1983 3130 herboso
2002 3096 2127 3130 colitur
2146 3107 2176 3128 Sl
2194 3095 2334 3138 quando
2352 3096 2492 3130 theatro

162 3141 352 3183 maiestas3
377 3143 414 3177 V.
439 3143 492 3176 55.
519 3143 675 3176 clivosae
701 3141 843 3175 veheris
868 3141 951 3175 dum
975 3153 1038 3186 per
1062 3146 1289 3177 monumenta
1314 3142 1470 3177 Latinae.
