2640 3438
1318 238 1344 276 3

169 371 301 415 Beerii
340 371 647 419 conlationem1)
687 370 740 412 ab
770 370 859 422 ipso
880 370 1128 412 Buechelero
1157 383 1317 412 summa
1346 383 1439 412 cum
1469 370 1675 423 diligentia
1704 371 1889 412 instituta
1917 375 1959 413 ct
1988 372 2028 412 in
2058 371 2277 424 exemplari
2299 370 2492 413 latiniano

170 429 317 470 iterum
360 426 572 480 recognito
611 426 722 467 foras
765 427 863 466 data
905 426 1063 480 (1893),
1106 431 1153 467 ut
1194 427 1363 478 singulis
1398 426 1586 468 manibus
1623 432 1665 468 et
1701 427 1944 468 lectionibus
1980 431 2174 468 accurate
2212 428 2413 467 distinctis
2450 432 2493 468 et

170 485 399 536 exscriptis,
430 483 527 536 quid
555 495 718 534 quoque
746 483 840 524 Ioco
868 484 999 534 prima
1026 495 1150 524 manu
1178 483 1375 533 tradatur,
1401 496 1484 524 non
1503 483 1701 532 tradatur,
1721 495 1795 535 pro
1816 487 1931 524 certo
1950 485 2140 524 sciamus.
2178 483 2238 525 Ita
2256 488 2299 524 et
2317 491 2340 525 e
2359 483 2491 524 Beerii

170 539 306 582 libello
335 543 378 582 et
405 551 429 580 e
459 537 695 582 Buecheleri
723 538 968 585 editionibus
997 539 1217 580 maximum
1245 539 1363 580 crisis
1392 538 1650 580 Iuvenaliana
1678 539 1854 581 fructum
1882 540 2001 592 cepit.

367 594 450 636 Sed
479 605 725 647 quamquam
753 596 898 636 sedata
926 599 990 636 est
1018 595 1374 647 interpolationem
1403 596 1580 647 suspicio
1600 599 1652 636 et
1679 597 1815 636 verior
1842 596 1952 636 taeta
1977 596 2165 636 codicum
2184 596 2430 635 existimatio
2450 599 2493 635 et

167 653 207 693 in
236 652 369 693 lucem
403 650 515 692 edita
548 650 727 691 conlatio
762 651 916 692 codicis
959 651 1100 702 optimi
1141 651 1447 702 diligentissime
1491 652 1688 701 instituta,
1724 656 1863 693 tamen
1907 652 2086 693 nondum
2121 662 2276 701 omnes,
2310 662 2415 703 quae
2450 651 2491 691 in

163 707 351 748 Iuvenale
375 707 607 757 propositae
636 711 745 754 sunt,
785 708 1045 758 quaestiones
1073 707 1262 747 videntur
1289 707 1521 758 persolutae
1550 718 1654 756 esse,
1685 708 1758 747 sed
1793 708 1896 748 haee
1931 719 2093 759 quoque
2127 713 2244 747 aetas
2279 708 2320 747 in
2355 707 2491 747 satiris

163 762 273 814 quod
307 765 404 812 agat
438 761 635 802 inveniet:
669 762 790 802 hodie
824 774 986 814 quoque
1020 767 1062 803 et
1102 762 1345 803 emendandi
1375 767 1417 802 et
1446 763 1735 813 interpretandi
1764 775 1841 814 ope
1870 767 2006 803 textus
2035 762 2236 804 Iuvenalis
2273 767 2377 813 eget.
2434 760 2492 801 De

166 817 433 858 emendandis
461 821 600 858 autem
629 816 764 858 verbis
793 818 975 869 singulis,
1006 818 1142 870 qualia
1171 822 1266 858 sunt
1294 819 1336 858 in
1365 817 1507 859 codice
1534 819 1701 870 optimo,
1732 819 1868 859 multis
1897 819 2000 859 Iocis
2029 818 2164 860 adhue
2194 817 2271 858 sub
2290 817 2423 858 iudice
2443 817 2492 857 lis

165 878 247 922 est3
277 879 372 913 sunt
401 874 469 924 qui
498 873 740 913 emendandi
770 874 991 924 cupiditate
1011 875 1233 914 transversi
1253 879 1438 924 agantur,
1460 886 1537 914 nec
1557 873 1703 914 desunt
1724 876 1790 925 qui
1811 875 2081 915 conservandi
2100 874 2248 923 studio,
2275 874 2492 925 quominus

162 940 302 971 verum
345 927 529 978 videant,
574 928 853 981 impediantur.
912 929 1028 982 Quod
1065 941 1157 970 cum
1193 930 1251 970 ita
1285 930 1350 980 sit,
1387 941 1470 970 non
1505 941 1585 971 uno
1622 929 1713 971 loco
1746 929 1975 983 ambigitur,
2011 935 2147 972 utrum
2176 928 2410 982 recipienda
2438 929 2492 968 sit

164 986 286 1025 lectio
334 984 573 1034 Pithoeana,
621 997 675 1024 an
730 986 967 1025 coniectura
1020 986 1206 1026 videatur
1257 999 1359 1037 opus
1415 998 1517 1028 csse.
1592 987 1880 1027 Huiuscemodi
1940 987 2125 1038 exempla
2187 998 2297 1026 nune
2358 997 2491 1037 pauca

163 1044 341 1083 tractare
371 1041 500 1083 liceat.

1130 1155 1172 1208 l.
1225 1152 1329 1208 69
1364 1162 1513 1218 squ.

765 1234 943 1274 occurrit
973 1238 1160 1274 matrona
1189 1238 1348 1284 potens,
1378 1245 1484 1286 quae
1512 1233 1633 1274 molle
1663 1231 1860 1274 Calenum

765 1293 1004 1339 porrectura
1036 1290 1123 1329 viro
1152 1291 1297 1330 miscet
1326 1290 1490 1329 sitiente
1518 1287 1717 1329 rubetam.

364 1343 422 1383 lta
452 1344 572 1394 vulgo
602 1344 642 1383 hi
673 1356 814 1384 versus
844 1344 1032 1395 leguntur
1061 1348 1102 1384 et
1130 1343 1342 1384 adnotavit
1370 1344 1613 1385 Buecheler:
1650 1342 1795 1384 rubeta
1829 1342 1875 1393 P,
1912 1342 2104 1383 lineolam
2132 1343 2380 1393 superduxit
2408 1345 2492 1383 iam

165 1399 207 1437 P
229 1398 386 1448 opinor.
453 1399 534 1438 Sed
564 1399 729 1439 Beerius
759 1401 800 1439 in
830 1399 936 1450 Spic.
966 1400 1054 1439 Juv.
1074 1413 1111 1449 p.
1132 1400 1185 1439 59
1206 1413 1237 1439 s.
1266 1401 1463 1450 optimum
1493 1400 1678 1439 codicem
1708 1400 1852 1438 statuit
1881 1398 2078 1449 praebere
2108 1398 2254 1438 rubeta
2282 1404 2323 1438 et
2353 1400 2491 1438 docuit

162 1458 329 1505 recepta
349 1453 539 1504 lectione,
561 1467 665 1506 quae
686 1459 749 1495 est
768 1454 965 1505 rubetam,
994 1455 1168 1496 evadere
1188 1456 1434 1496 sententiam
1454 1456 1734 1506 perversam2),
1764 1455 1955 1495 restituta
1974 1453 2136 1495 demum
2156 1453 2330 1495 lectione
2347 1453 2491 1495 rubeta

161 1521 302 1550 verum
323 1510 502 1550 colorem
522 1510 714 1551 inducere
735 1511 960 1561 imaginem.
1005 1510 1082 1561 Qui
1101 1510 1285 1551 rubetam
1305 1516 1519 1551 servarunt
1539 1511 1781 1561 interpretes
1801 1510 1904 1550 alius
1926 1510 2048 1549 aliam
2074 1509 2200 1549 verba
2220 1511 2491 1561 coniungendi

161 1567 360 1607 rationem
390 1566 640 1617 probabilem
667 1578 892 1617 proponere
921 1566 1071 1606 frustra
1089 1567 1227 1607 conati
1247 1571 1351 1607 sunt.
1396 1566 1549 1607 Contra
1578 1566 1794 1607 verborum
1824 1567 2000 1617 positum
2029 1566 2246 1617 Rupertius
2276 1567 2336 1606 sic
2368 1566 2493 1606 verba

162 1621 364 1672 iungenda
375 1620 488 1661 dicit:
505 1634 611 1673 quae
625 1622 714 1661 viro
728 1621 891 1662 sitiente
905 1621 1044 1661 miscet
1058 1621 1243 1662 rubetam
1251 1624 1498 1673 porrectura
1515 1621 1552 1661 ei
1566 1620 1685 1662 molle
1696 1620 1915 1671 CalenumÎ‡
1929 1621 2114 1661 similiter
2129 1620 2386 1662 Heianchius
2402 1621 2491 1660 viro

161 1677 324 1734 sitiente
352 1678 438 1717 vult
467 1690 559 1718 esse
588 1678 789 1718 ablativos
819 1678 1043 1726 absolutos,
1074 1683 1118 1717 ut
1147 1678 1264 1727 desit,
1296 1679 1405 1729 quod
1425 1678 1636 1729 participio
1651 1680 1899 1728 porrectura
1919 1678 2172 1727 adiungatur.
2231 1676 2425 1717 Weidner
2451 1680 2491 1716 in

162 1733 295 1785 priore
325 1733 504 1774 editione
534 1737 680 1775 neutra
709 1733 1043 1786 interpretatione
1077 1733 1250 1785 probata
1282 1734 1492 1775 adnotavit
1522 1734 1643 1774 haee:
1674 1734 1843 1774 invitum
1874 1744 1932 1783 se,
1963 1733 2036 1774 sed
2064 1738 2253 1774 coactum
2275 1732 2489 1774 verborum

162 1790 295 1838 positu
333 1790 469 1829 dicere
508 1789 597 1828 viro
633 1794 728 1829 *esse
767 1790 947 1829 dativum
985 1795 1026 1829 et
1063 1790 1116 1829 ad
1145 1790 1402 1838 vocabulum,
1441 1790 1550 1840 quod
1588 1794 1652 1829 est
1686 1789 1860 1837 sitiente,
1894 1789 2160 1840 supplendum
2198 1803 2256 1828 eo.
2311 1789 2491 1840 Apparet

162 1843 425 1884 Weidnerum
445 1845 525 1884 iam
547 1849 631 1884 tum
652 1844 851 1885 offensum
870 1856 962 1886 esse
982 1844 1158 1885 lectione
1178 1844 1354 1895 vulgata,
1375 1845 1448 1885 sed
1475 1844 1678 1896 quomodo
1703 1843 1980 1885 emendandus
2006 1849 2115 1884 esset
2135 1855 2278 1884 versus
2295 1844 2490 1884 haesisse.

163 1899 206 1938 In
236 1899 366 1939 altera
395 1899 572 1946 editione
593 1900 778 1940 Becrium
799 1904 966 1940 secutus
996 1901 1158 1951 scripsit
1183 1900 1347 1940 sitiente
1375 1899 1530 1940 rubeta.
1590 1899 1691 1939 Cum
1711 1899 1774 1939 his
1796 1899 1944 1948 facere,
1975 1900 2214 1950 praesertim
2235 1910 2327 1939 cum
2347 1900 2488 1950 optimi

162 1955 315 1995 codicis
355 1957 558 2007 scriptura
593 1956 778 1997 videatur
812 1957 969 1996 ineerta
1009 1967 1113 2004 esse,
1150 1968 1232 1996 non
1268 1956 1513 2006 dubitamus,
1559 1967 1803 2007 quamquam
1839 1955 1997 1995 videtur
2033 1954 2248 1995 difficultas
2287 1955 2488 2007 quaedam

162 2012 296 2051 inesse
326 2012 367 2051 in
398 2012 691 2062 coniungendis
721 2012 930 2052 vocabulis
960 2011 1123 2051 sitiente
1151 2011 1305 2052 rubeta.
1363 2012 1467 2052 Nam
1496 2023 1652 2060 vereor,
1683 2023 1734 2051 ne
1754 2012 1835 2050 sint
1855 2012 1922 2062 qui
1943 2010 2138 2059 dubitent,
2169 2023 2222 2050 an
2243 2011 2488 2051 vocabulum

160 2065 305 2107 sitiens
333 2079 414 2107 non
445 2068 574 2119 possit
603 2068 736 2109 active
766 2069 874 2119 poni,
906 2071 950 2108 ut
979 2069 1032 2107 sit
1061 2067 1168 2108 idem
1197 2079 1247 2108 ac
1277 2067 1388 2107 sitim
1416 2066 1576 2118 faciens
1604 2071 1645 2107 et
1674 2066 1891 2107 vernacule
1921 2066 2105 2107 tradatur
2134 2066 2209 2106 mit
2232 2065 2489 2118 yluhendem,

161 2121 472 2163 verzehrendem
496 2122 620 2173 Gifte.
679 2123 761 2164 Sed
781 2125 1021 2174 saepissime
1050 2127 1196 2174 poetae
1226 2125 1369 2165 eodem
1399 2123 1600 2163 adiectivo
1630 2127 1671 2163 et
1700 2123 1834 2162 active
1864 2126 1903 2162 et
1924 2123 2086 2172 passive
2108 2124 2306 2171 utunturÂ³)
2337 2126 2379 2163 et
2398 2134 2487 2173 ipso

162 2177 375 2228 vocabulo,
407 2178 514 2231 quod
543 2183 607 2219 est
635 2178 792 2228 sitiens,
829 2181 917 2219 sine
947 2178 1069 2219 dubio
1099 2179 1161 2219 usi
1190 2184 1295 2219 sunt.
1353 2177 1547 2218 Weidner
1573 2177 1703 2218 Ovidii
1732 2177 1866 2217 locum
1903 2177 2046 2227 adfert,
2077 2182 2154 2217 art.
2182 2182 2303 2218 amat.
2334 2177 2376 2217 lI.
2406 2177 2486 2218 231

737 2248 811 2275 nee
834 2247 965 2286 yrave
995 2237 1032 2274 te
1062 2237 1217 2285 tempus
1246 2234 1469 2285 sitiensque
1502 2232 1703 2273 Canicula
1733 2233 1878 2273 tardet.

161 2289 286 2330 Nobis
316 2290 491 2342 quidem,
531 2295 576 2331 ut
605 2291 697 2331 huic
727 2291 891 2331 lectioni
929 2291 1048 2331 fidem
1075 2290 1286 2339 addamus,
1317 2291 1439 2331 liceat
1458 2290 1685 2341 exemplum
1705 2288 1876 2339 adferre,
1907 2289 2015 2341 quod
2046 2301 2138 2329 cum
2168 2289 2262 2329 huie
2283 2289 2484 2330 luvenalis

160 2346 253 2386 loco
283 2346 528 2386 simillimum
558 2347 623 2396 sit,
654 2348 777 2388 etiam
807 2348 1001 2386 maiorem
1022 2347 1102 2385 vim
1129 2347 1496 2397 auctoritatemque
1525 2345 1683 2385 videtur
1711 2345 1874 2384 habere.
1932 2344 2172 2395 Calpurnius
2207 2344 2368 2385 Siculus
2403 2345 2482 2394 ille,

162 2401 230 2452 qui
259 2400 433 2442 Neronis
463 2405 612 2451 aetate,
643 2403 666 2442 i.
696 2414 729 2442 e.
760 2402 894 2453 paullo
925 2406 1020 2442 ante
1055 2402 1186 2452 ipsum
1216 2401 1459 2450 Iuvenalem,
1499 2400 1718 2451 Vergilium
1748 2401 1926 2440 imitatus
1957 2404 2113 2452 septem
2144 2401 2328 2441 carmina
2356 2401 2486 2441 buco-

160 2456 240 2496 lica
268 2458 444 2508 scripsit,
475 2459 516 2498 in
545 2459 686 2510 quinta
716 2458 858 2508 ecloga
887 2459 994 2497 hunc
1025 2457 1189 2497 exhibet
1217 2469 1380 2497 versum
1410 2457 1507 2508 (49):

364 2552 389 2594 Â¹)
414 2552 769 2596 cfr.Spici1.Juven.
796 2553 882 2586 1885
907 2555 942 2586 et
964 2552 1174 2586 Buecheleri
1199 2552 1473 2602 recognitionem
1500 2552 1595 2584 1886.

363 2596 423 2637 Â²,)
426 2607 626 2639 â€špossumus
668 2598 810 2640 quidem
842 2597 994 2631 miscere
1026 2597 1335 2638 vinum,1niscere
1368 2607 1555 2636 venenum,
1580 2595 1643 2628 sed
1674 2595 1704 2628 si
1729 2595 1856 2628 mulier
1882 2596 2009 2629 marito
2034 2595 2156 2630 vinum
2181 2596 2329 2639 porrigit
2353 2596 2491 2629 interea

162 2650 341 2675 venenum
367 2642 504 2683 miscet,
528 2652 600 2676 non
623 2642 707 2677 vino
731 2641 918 2683 immiscet,
942 2641 1030 2675 nihil
1054 2641 1147 2675 inest
1169 2640 1318 2684 periculi
1341 2641 1438 2674 viro.

363 2684 389 2728 â¸)
413 2685 667 2720 Csr.1ahnium
700 2687 747 2721 ad
770 2687 865 2720 Pers.
890 2687 928 2720 V.
953 2686 996 2719 55
1015 2684 1176 2728 pallentis
1195 2694 1308 2727 yrana
1330 2684 1469 2717 cumini:
1503 2685 1672 2728 pallorem
1698 2684 1898 2718 bibentibus
1916 2685 2036 2727 gignit,
2054 2696 2164 2728 quare
2182 2686 2319 2729 pallens
2343 2685 2491 2726 dicitur,

161 2731 197 2763 et
220 2729 265 2763 ad
289 2729 384 2764 Pers.
409 2731 495 2774 prol.
519 2730 542 2764 4
559 2730 793 2773 pallidumque
814 2730 977 2764 Pirenen.-
1010 2729 1177 2780 pallidam
1202 2728 1340 2763 videtur
1365 2728 1496 2763 dixisse
1521 2729 1681 2770 Pirenen,
1714 2729 1796 2778 quia
1827 2732 1953 2772 poetae
1977 2729 2099 2772 pallidi
2124 2741 2204 2764 esse
2229 2730 2354 2771 solent,
2389 2733 2486 2764 certe

162 2774 402 2816 perhibentur.
450 2775 549 2809 Sicut
582 2785 677 2809 mors
709 2774 842 2818 pallida
873 2774 1011 2817 dicitur,
1046 2774 1129 2817 quia
1162 2774 1195 2807 ei
1219 2774 1441 2823 potissimum
1466 2774 1642 2815 convenit,
1667 2774 1760 2815 quod
1784 2773 1820 2806 in
1844 2774 1994 2808 mortuis
2019 2775 2247 2824 conspicitur,
2272 2775 2323 2808 ita
2348 2774 2489 2809 facibus

161 2817 268 2852 etiam
292 2819 483 2862 nympham
509 2818 677 2870 pallidam
701 2819 854 2862 vocavit,
888 2828 979 2862 quae
1003 2818 1117 2862 poetis
1142 2828 1225 2852 eum
1248 2818 1404 2852 furorem
1429 2818 1588 2862 inspirat,
1611 2818 1705 2851 unde
1733 2818 1799 2851 iste
1824 2819 1937 2861 pallor
1962 2819 2124 2862 poeticus
2147 2819 2270 2854 oritur.
2307 2835 2351 2842 -
2387 2819 2490 2862 Apud

160 2862 277 2906 ipsum
300 2863 504 2898 Iuvenalem
534 2865 624 2898 haec
649 2863 788 2898 inveni:

762 2907 891 2941 anxius
915 2907 968 2942 IV.
994 2907 1058 2940 149
1082 2906 1190 2940 anxia
1212 2906 1395 2950 praecipiti
1420 2906 1577 2940 venisset
1601 2905 1752 2949 epistula
1774 2906 1895 2949 pinna.

764 2961 896 2987 caecus
920 2953 960 2987 X.
985 2951 1050 2986 351
1077 2960 1187 2986 caeca
1210 2960 1408 2994 magnaque
1434 2950 1596 2994 cupidine
1621 2950 1727 2985 ducti.

763 2997 929 3038 garrulus
953 2997 1023 3030 XII.
1039 2996 1083 3029 82
1107 2996 1251 3037 garrula
1275 2996 1392 3029 securi
1416 3005 1563 3028 narrare
1586 2995 1745 3037 pericula
1768 2998 1912 3029 nautae.

762 3039 900 3083 gelidus
925 3040 992 3075 VII.
1008 3039 1083 3074 206.
1108 3039 1159 3074 nil
1181 3042 1323 3083 praeter
1346 3039 1480 3083 gelidas
1505 3048 1614 3074 ausae
1640 3039 1801 3075 conferre
1827 3039 1974 3076 cicutas.

764 3085 881 3119 mollis
906 3085 957 3119 VI.
975 3085 1052 3120 300.
1075 3084 1220 3118 divitiae
1245 3085 1379 3118 molles.

764 3130 850 3174 vigil
873 3130 957 3165 XIII.
975 3130 1050 3165 229.
1076 3128 1172 3173 vigili
1203 3140 1283 3165 cuni
1311 3129 1417 3164 [chre.

2276 3196 2318 3231 1*
